2890 3595
1389 159 1416 202 6

213 294 405 350 ἀργύριον
426 294 482 338 D.
514 319 568 326 —
603 294 668 336 13.
690 294 733 335 ἓν
755 294 797 336 ἐν
818 293 938 347 θαμν.
961 293 1010 336 Β.
1044 318 1097 325 -
1131 294 1197 337 14.
1217 295 1347 337 πλείω
1367 297 1463 340 ναῦς
1484 293 1534 337 Β.
1555 293 1651 337 ἴδιοι
1671 292 1775 349 ἦσαν
1796 307 1883 337 om.
1904 292 1959 336 D.
1991 317 2045 325 —
2085 294 2150 338 15.
2172 296 2301 337 πάντα
2322 296 2444 351 κῦρος
2466 292 2521 338 D.
2540 294 2588 336 τὰ

213 373 341 415 αὐτοῦ
362 372 414 415 Β.
440 372 698 425 κατακράτος
717 369 769 415 Β.
793 370 846 413 D.
875 370 1034 412 ἐκεῖθεν
1055 371 1101 412 δὲ
1123 370 1173 414 Β.
1215 396 1263 403 -
1308 370 1374 414 16.
1402 372 1471 413 καὶ
1499 371 1565 414 ἐπὶ
1590 372 1662 427 τὴν
1691 386 1733 427 χ.
1764 370 1814 414 Β.
1836 370 1891 416 D.
1913 374 2003 427 χῖον
2022 369 2074 413 Β.
2112 395 2165 403 -
2205 370 2272 414 17.
2301 371 2365 414 ἐπὶ
2392 374 2466 426 τῆς
2489 371 2588 428 χίου

212 448 263 493 Β.
284 447 342 492 D.
376 473 434 480 —
471 447 537 491 18.
565 448 681 496 πεζοὶ
702 446 756 491 D.
805 445 1102 491 Scribendum
1128 450 1319 502 παρῇσαν
1347 446 1451 490 coll.
1473 447 1512 504 §-
1534 447 1601 492 28.
1651 446 1873 491 Voluerat
1893 446 2083 491 Gentius
2102 446 2266 490 Mnem.
2287 447 2342 491 11.
2363 448 2460 491 408.
2487 462 2586 504 παρ·

213 525 361 583 ήεσαν,
388 524 556 569 rectius
585 523 784 568 Cobetus
811 527 999 579 παρῇσαν
1018 522 1126 566 Var.
1147 521 1271 568 Lect.
1293 538 1337 581 p.
1358 524 1428 568 33.
1468 524 1633 569 Mnem.
1653 524 1738 576 111,
1762 525 1856 568 105.
1879 523 1958 575 VI,
1982 523 2083 579 1853
2105 523 2224 567 solet
2243 525 2360 567 enim
2380 524 2587 567 emenda-

213 603 366 647 tiones
395 616 502 644 suas
531 606 751 658 repetere;
788 600 1030 657 probatum
1059 600 1175 643 illud
1203 600 1456 645 Hertleinio
1487 607 1533 644 et
1561 601 1797 644 Dindorfio
1828 602 1972 645 Praef.
1994 602 2135 644 Anab.
2160 600 2309 644 Oxon.
2332 615 2375 657 p.
2396 602 2464 653 X,
2494 614 2588 644 non

214 686 445 736 receptum
466 694 492 722 a
511 678 828 722 recentissimis
849 677 1114 723 editoribus,
1142 702 1198 709 —
1232 679 1296 721 19.
1319 680 1645 736 προςβάλλοντες
1665 679 1717 722 Β.
1743 681 1998 735 κατακράτος
2018 679 2069 724 Β.
2091 680 2145 723 D.
2175 704 2231 711 —
2262 679 2332 722 20.
2353 677 2587 725 καταπόδας

217 760 417 806 πλέοντας
439 758 496 802 D.
515 781 572 788 —-
594 756 663 800 22.
682 756 958 813 παραβάλλων
978 755 1028 798 Β.
1048 755 1104 800 D.
1127 756 1182 812 μὴ
1205 757 1252 798 δὲ
1272 756 1324 800 Β.
1346 756 1400 800 D.
1424 781 1476 788 —
1506 756 1575 800 23.
1598 757 1636 798 οἱ
1657 758 1704 799 δὲ
1726 757 1917 812 ἀθηναῖοι
1936 756 1988 801 Β.
2010 758 2057 800 δὲ
2080 758 2153 801 οὐκ
2174 757 2224 800 Β.
2245 756 2301 799 D.
2330 780 2385 788 -
2414 755 2484 798 25.
2506 754 2587 811 ἔφη

219 843 417 880 extrema
435 833 723 892 paragrapho
746 848 832 876 om.
852 833 908 876 D.
939 858 996 864 —
1023 833 1091 876 26.
1122 837 1359 889 στρατηγεῖν
1379 834 1431 877 Β.
1453 849 1477 877 e
1498 848 1613 877 corr.
1642 857 1694 865 —-
1727 834 1796 876 27.
1826 834 1990 876 ἐπειδὰν
2010 837 2227 878 κατίδωσιν
2247 834 2303 877 D.
2343 832 2589 890 Vulgatum

218 914 318 957 ἐπὰν
338 913 535 957 correxit
553 911 816 956 Dindorfius
837 911 938 967 ἐπὴν
959 912 1144 969 scripto,
1169 912 1205 961 1,
1231 912 1268 961 1,
1290 910 1360 961 29,
1385 911 1530 954 Anab.
1554 912 1592 963 1,
1614 912 1655 964 4,
1679 912 1744 956 13.
1774 912 1814 962 2,
1834 912 1876 963 4,
1897 912 1937 955 3.
1966 913 2007 962 4,
2028 912 2070 962 6,
2091 912 2132 954 9.
2159 912 2375 955 intactum
2394 910 2587 969 reliquit.

218 990 499 1049 Quamquam
520 990 648 1048 quod
668 988 820 1032 adhuc
841 988 898 1032 de
920 989 1019 1044 ἐπήν
1043 989 1374 1032 coniunctionis
1395 989 1658 1031 auctoritate
1677 988 1846 1032 factum
1862 995 1932 1032 est
1948 990 2161 1032 iudicium
2175 988 2251 1031 ille
2268 989 2315 1030 in
2331 989 2430 1030 ἐπάν
2445 993 2590 1030 trans·

216 1068 333 1111 tulit.
363 1067 459 1123 ἅραι
480 1068 530 1110 Β.
559 1092 616 1099 -
644 1067 713 1110 28.
735 1068 782 1108 δὲ
804 1066 928 1112 abab:
948 1067 1003 1109 D.
1027 1067 1257 1121 συμπαρῄει
1280 1082 1303 1109 e
1324 1081 1437 1109 corr.
1455 1067 1509 1109 D.
1530 1068 1786 1122 κατακράτος
1800 1067 1852 1111 Β.
1864 1067 1920 1110 D.
1937 1076 1987 1110 ut
2001 1068 2182 1124 ubique.
2206 1067 2264 1112 εἰς
2279 1067 2329 1108 τὰ
2344 1082 2444 1122 τειχ.
2462 1065 2516 1107 D.
2533 1089 2588 1096 -—

218 1145 286 1187 29.
309 1145 532 1199 Λαμψάκαι
552 1144 602 1186 Β.
627 1143 680 1188 D.
711 1169 768 1176 -—·
796 1144 866 1189 30.
886 1146 1016 1188 τᾶλλα
1037 1143 1092 1186 Ι).
1113 1148 1165 1185 ut
1185 1157 1372 1198 semper,
1395 1148 1440 1185 et
1459 1149 1593 1187 recte.
1625 1169 1681 1176 —
1711 1143 1780 1187 32.
1801 1149 2071 1200 παρανομεῖν,
2101 1144 2269 1198 νικήσας
2298 1142 2379 1198 ἔφη
2409 1143 2539 1189 ποίει.
2568 1142 2588 1182 ὃ

217 1221 362 1263 παθεῖν
384 1219 558 1274 ἔμελλες
581 1221 797 1276 ἡττηθεὶς,
820 1219 944 1268 εὐθὺς
964 1222 1108 1263 τοῦτον
1132 1219 1342 1275 ἀπέσφαξε
1365 1219 1468 1275 μετὰ
1488 1223 1567 1262 τῶν
1590 1219 1725 1263 ἄλλων
1749 1225 1984 1277 στρατηγῶν
2006 1221 2060 1264 D.
2109 1221 2263 1264 Habes
2284 1220 2589 1263 confirmatam

217 1297 412 1341 Weiskii
432 1295 489 1340 de
509 1297 675 1341 lacuna
692 1296 784 1340 loci
804 1297 1091 1347 sententiam,
1122 1295 1262 1340 habes
1284 1310 1398 1353 quae
1420 1296 1595 1354 aliquot
1613 1296 1882 1354 interpretes
1905 1311 2013 1341 vero
2036 1313 2172 1343 sensu
2202 1297 2587 1346 desideraverunt,

218 1377 490 1433 videturque
517 1375 592 1418 hic
621 1389 739 1418 unus
766 1374 899 1418 locus
934 1374 1010 1418 vel
1035 1375 1222 1418 maxime
1252 1389 1386 1432 posse
1409 1374 1660 1425 ostendere,
1685 1380 1901 1432 quantum
1922 1376 2174 1421 interfuerit
2193 1375 2338 1419 libros
2358 1374 2590 1418 Parisinos

220 1455 371 1498 denuo
401 1460 611 1496 accurate
638 1454 813 1510 inspici.
875 1453 1001 1506 Quae
1023 1454 1077 1497 de
1099 1454 1175 1504 iis,
1197 1467 1313 1510 quae
1334 1451 1568 1509 Lysander
1588 1453 1903 1510 interrogavit,
1933 1453 2162 1499 Philocles
2181 1453 2437 1512 respondit,
2467 1451 2591 1510 apud

218 1531 514 1575 Plutarchum
542 1531 754 1588 leguntur
779 1531 884 1586 Lys.
907 1546 944 1574 c.
972 1531 1042 1573 13:
1075 1532 1270 1573 ἐκέλευσε
1293 1534 1463 1572 νικῶντα
1484 1531 1670 1585 πράττειν
1694 1530 1796 1586 ἅπερ
1819 1530 1865 1573 ἂν
1888 1532 2068 1587 νικηθεὶς
2098 1532 2293 1588 ἔπασχεν,
2322 1544 2591 1590 quamquam

219 1609 493 1654 Plutarchus
513 1609 632 1651 hanc
660 1623 767 1651 suae
788 1609 1059 1651 narrationis
1088 1613 1257 1664 partem
1287 1605 1346 1649 ad
1367 1606 1734 1665 Theophrastum
1756 1614 1984 1651 auctorem
2006 1609 2161 1660 refert,
2183 1616 2228 1654 et
2246 1610 2346 1667 ipsa
2366 1616 2515 1652 tamen
2536 1624 2592 1652 ex

218 1687 299 1730 iuo
328 1686 457 1730 fonte
484 1684 690 1742 profecta
717 1691 916 1742 possunt
943 1685 1096 1728 videri.
1158 1684 1327 1727 Verum
1348 1699 1485 1742 quum
1505 1685 1856 1729 additamentum
1878 1685 1990 1729 illud
2016 1702 2217 1731 mancam
2239 1687 2403 1731 efficiat
2423 1685 2592 1729 oratio-

220 1779 321 1809 nem
352 1769 398 1807 et
427 1763 765 1812 inconcinnam,
795 1767 847 1805 ut
876 1776 933 1806 ne
964 1762 1105 1816 ἐπειδή
1138 1760 1320 1818 quidem
1349 1761 1424 1804 vel
1453 1761 1585 1805 simili
1617 1763 1813 1821 quadam
1843 1764 2065 1821 particula
2095 1770 2199 1807 ante
2228 1766 2394 1820 νικήσας
2424 1764 2591 1806 inserta

220 1841 399 1886 restitui
427 1841 537 1884 satis
566 1855 704 1897 posse
724 1841 950 1891 videatur,
979 1853 1073 1882 non
1101 1838 1291 1882 deerunt
1319 1839 1398 1897 qui
1426 1839 1539 1882 illud
1561 1841 1692 1884 scioli
1714 1842 1866 1899 potius
1888 1856 2023 1899 quam
2050 1842 2250 1885 auctoris
2272 1855 2372 1884 esse
2393 1841 2590 1884 credant.

221 1919 345 1962 Idem
364 1932 473 1961 vero
495 1918 611 1960 liber
632 1917 895 1973 particulam
918 1917 986 1958 ὅτε
1008 1917 1054 1965 3,
1077 1916 1146 1958 40.
1168 1917 1214 1958 in
1236 1917 1368 1959 simili
1389 1931 1551 1960 caussa
1572 1919 1734 1961 omisit.
1795 1918 2000 1962 Ceterum
2029 1919 2101 1962 hic
2123 1919 2253 1962 locus
2275 1934 2591 1962 commemora·

221 1996 326 2040 bilis
346 1996 401 2039 iis
422 1995 649 2039 videbitur
669 2010 790 2046 esse,
819 1993 898 2052 qui
917 1992 1164 2038 Historiam
1193 2005 1397 2052 graecam
1418 1993 1740 2052 Xenophontis
1769 1995 1857 2040 alia
1884 1995 2048 2047 forma,
2079 2010 2210 2055 quam
2232 2010 2349 2055 quae
2370 2011 2489 2042 nunc
2510 2003 2590 2048 est,

221 2075 424 2118 indutam
447 2074 579 2117 etiam
598 2071 830 2116 Plutarchi
850 2077 1051 2129 tempore
1072 2071 1214 2116 fuisse
1235 2073 1535 2129 suspicantur.

1265 2277 1400 2327 Heu.
1425 2273 1462 2326 11
1471 2308 1484 2335 ,
1508 2273 1555 2326 2.

336 2386 378 2431 2.
399 2386 481 2428 ἴδοι
500 2385 628 2428 ἄλλον
649 2383 705 2429 D.
728 2384 967 2440 ἀπέπεμψεν
986 2383 1037 2427 Β.
1056 2399 1124 2441 pr.
1147 2385 1266 2431 εἰδὼς
1289 2384 1349 2426 ὅτι
1372 2385 1425 2427 D.
1448 2410 1504 2418 —-
1525 2387 1565 2429 3.
1587 2387 1628 2429 ἐν
1651 2386 1707 2428 ab
1728 2386 1856 2428 initio
1871 2386 1941 2428 bis
1957 2387 2156 2443 positum
2175 2387 2315 2431 habet
2330 2387 2384 2430 D.
2407 2391 2479 2443 τῆς
2502 2387 2589 2442 παρ’

222 2466 351 2510 αλλου
373 2466 424 2510 Β.
446 2462 711 2505 πείσεσῦεΒ.
732 2462 940 2518 πήσεσθαι
961 2476 1184 2518 superscr.
1207 2478 1244 2503 ει
1264 2461 1320 2504 D.
1345 2487 1390 2493 —
1416 2463 1457 2505 4.
1478 2479 1522 2505 τε
1526 2463 1677 2520 ι’χειῙ).
1700 2489 1750 2494 —-
1775 2464 1814 2506 5.
1836 2463 1965 2511 ἄλλας
1987 2479 2125 2521 supra
2140 2465 2303 2509 lineam
2317 2465 2521 2509 habetB.
2540 2491 2594 2497 —

222 2544 263 2586 7.
284 2543 313 2586 δ’
339 2543 512 2598 ἐξῄεσαν
532 2541 588 2583 D.
611 2564 667 2572 -—-
690 2541 757 2583 10.
779 2540 826 2581 δὲ
849 2539 1044 2593 οὐδεμίαν
1066 2539 1116 2582 Β.
1137 2539 1192 2582 D.
1216 2539 1242 2580 ἃ
1265 2553 1349 2582 om.
1374 2539 1427 2584 D.

337 2620 424 2662 Hic
454 2619 633 2662 tertium
661 2618 881 2662 decimum
910 2617 1082 2661 codicis
1101 2617 1151 2660 B.
1174 2617 1334 2661 folium
1360 2618 1490 2661 finem
1517 2587 1656 2662 habet
1676 2634 1827 2670 suum,
1856 2626 1992 2677 atque
2012 2620 2117 2663 hinc
2138 2635 2192 2664 ea
2210 2627 2405 2671 tantum,
2434 2634 2551 2677 quae
2571 2635 2594 2662 e

224 2698 342 2742 libro
362 2697 418 2739 D.
440 2709 534 2738 non
554 2701 676 2738 recte
698 2695 849 2738 attulit
869 2701 948 2737 aut
969 2695 1270 2751 praetermisit
1292 2695 1478 2745 Gailius,
1500 2702 1718 2738 annotare
1739 2711 1932 2753 pergam.

346 2775 412 2816 ll.
433 2773 527 2828 παρ’
549 2773 649 2827 ἄγιν,
671 2780 723 2816 ut
743 2788 931 2830 semper.
955 2799 1008 2805 -
1032 2774 1097 2816 17.
1119 2773 1268 2829 ἠρέθη.
1291 2798 1345 2805 —
1367 2773 1436 2816 21.
1459 2773 1724 2828 ἐπανέφερον.
1746 2798 1801 2804 -
1822 2773 1890 2817 22.
1912 2776 1995 2820 τοῖς
2017 2775 2358 2828 λακεδαιμονίοις.

1268 2977 1405 3028 Heu.
1429 2974 1494 3037 ll,
1517 2973 1562 3027 3.

344 3087 380 3129 1.
401 3085 589 3141 κροκίνας
613 3109 669 3116 —-
685 3086 754 3127 ἀῦ.
775 3086 835 3128 ἔτι
856 3088 911 3132 ἐν.
933 3111 988 3118 -
1009 3088 1048 3130 3.
1072 3089 1292 3143 ἀπαγαγὼν
1314 3103 1422 3130 corr.
1446 3103 1502 3130 ex
1523 3088 1638 3143 ἐπαγ.
1662 3112 1718 3120 -
1737 3088 1777 3130 4.
1801 3090 2008 3144 φερραῖος.
2029 3097 2084 3118 -’
2105 3087 2145 3129 5.
2168 3086 2314 3129 αὐτῶν.
2337 3112 2389 3118 —
2412 3086 2452 3130 8.
2478 3087 2599 3140 ἐκτή-

223 3178 340 3207 σατο.
372 3186 425 3194 —
454 3162 494 3205 9.
517 3164 577 3208 εἰς
598 3162 620 3204 ὃ
642 3163 697 3209 ἐξ.
719 3187 775 3194 —
798 3164 964 3207 ἅλωσιν.
986 3188 1040 3195 -—
1072 3166 1136 3208 10.
1159 3166 1453 3221 ἀγκήστρατος.
1476 3192 1529 3197 -
1562 3166 1626 3208 13.
1651 3165 1865 3221 ἀριστοτέλ
1886 3189 1941 3194 -
1966 3165 2030 3206 16.
2053 3165 2181 3219 ταύτῃ
2204 3169 2277 3219 τῆς
2299 3166 2449 3220 ἀρχῆς.
2490 3164 2602 3207 Pro·
