2890 3595
205 878 644 952 Xenophontem-um
667 910 850 952 operum
878 895 982 939 libri
1008 896 1304 952 manuscripti
1333 910 1471 954 quum
1499 910 1647 953 neque
1676 896 1804 939 multi
1832 911 1981 954 neque
2010 902 2184 941 veteres
2210 911 2358 955 neque
2386 899 2571 940 omnino

207 974 319 1017 satis
356 974 466 1016 boni
500 975 603 1024 sint,
639 979 870 1031 quotquot
903 980 1083 1016 exstant
1116 989 1171 1017 eo
1208 973 1463 1016 accuratius
1497 973 1753 1017 excutiendi
1788 978 1833 1015 et
1867 973 2179 1029 perscrutandi
2214 974 2428 1017 videntur
2454 989 2569 1024 esse,

209 1066 438 1110 quumque
459 1050 514 1094 de
533 1050 621 1094 fide
641 1058 687 1094 et
705 1050 972 1094 auctoritate
992 1065 1159 1101 eorum,
1194 1065 1312 1108 quae
1342 1065 1366 1094 e
1387 1050 1621 1094 codicibus
1641 1049 1858 1094 Parisinis
1880 1055 2065 1092 enotata
2085 1055 2193 1093 sunt
2223 1065 2251 1093 a
2268 1050 2309 1093 J.
2331 1052 2383 1094 B.
2406 1052 2571 1102 Gailio,

210 1130 406 1172 dubitari
425 1135 635 1186 coeptum
664 1134 785 1171 esset
812 1143 839 1170 a
866 1128 974 1170 viris
994 1127 1157 1178 doctis,
1191 1128 1339 1171 denuo
1372 1142 1454 1170 eos
1475 1127 1633 1179 libros,
1670 1129 1750 1185 qui
1768 1127 1844 1171 vel
1864 1127 1953 1170 soli
1973 1127 2047 1170 vel
2067 1128 2257 1171 maxime
2276 1127 2572 1174 fundamenta

210 1207 345 1264 quasi
379 1220 566 1262 operum
600 1206 1084 1263 praestantissimorum
1117 1205 1348 1255 haberent,
1385 1205 1581 1249 conferri
1616 1204 1895 1263 aliquantum
1931 1202 2145 1248 interfuit.
2206 1203 2349 1259 Quam
2386 1207 2444 1251 ad
2478 1223 2573 1252 rem

209 1283 383 1342 aliquid
411 1298 495 1341 ego
526 1283 731 1327 conferre
758 1283 934 1328 institui
963 1298 1016 1326 ac
1044 1283 1231 1339 primum
1261 1283 1443 1340 quidem
1472 1283 1528 1327 de
1555 1283 1753 1327 Historia
1774 1297 1950 1341 yraeca,
1986 1295 2103 1340 quae
2130 1281 2205 1326 vel
2231 1284 2421 1329 maxime
2448 1299 2571 1329 novo

208 1362 406 1420 quodam
432 1362 602 1404 auxilio
631 1376 760 1417 egere
786 1361 1028 1411 videretur,
1061 1361 1280 1405 nonnulla
1307 1377 1408 1404 cum
1433 1361 1693 1404 hominibus
1722 1359 1783 1403 ad
1810 1374 1886 1403 eas
1913 1373 1987 1403 res
2013 1359 2352 1418 investigandas
2380 1363 2573 1407 curiosis

213 1439 539 1484 communicare
560 1437 704 1494 coepi.
732 1437 846 1480 Post
866 1436 1060 1481 Gailium
1080 1438 1140 1481 ad
1159 1454 1253 1481 eam
1271 1445 1442 1496 partem
1458 1438 1576 1490 libri,
1598 1453 1714 1496 quae
1734 1435 1839 1480 inde
1861 1450 1887 1478 a
1902 1435 1979 1487 111,
1998 1437 2036 1487 1,
2052 1437 2092 1478 5.
2115 1451 2260 1495 usque
2280 1438 2339 1481 ad
2354 1439 2430 1491 111,
2445 1439 2485 1491 2,
2502 1441 2570 1486 20.

209 1517 415 1575 pertinet,
452 1514 635 1557 codices
654 1514 704 1556 B.
738 1520 783 1556 et
803 1514 858 1557 D.
891 1516 1089 1572 inspexit
1108 1516 1369 1558 Ludovicus
1387 1515 1674 1558 Haeusserus
1708 1515 1895 1570 eiusque
1930 1513 2070 1556 studii
2102 1514 2296 1557 fructum
2333 1517 2573 1574 descripsit

208 1593 486 1637 Hertleinius
507 1591 885 1634 Observationum
913 1607 1094 1635 suarum
1119 1594 1168 1635 in
1185 1593 1430 1636 Historiam
1458 1608 1660 1650 graecam
1691 1599 1803 1648 part.
1824 1590 1879 1632 11.
1909 1605 1951 1646 p.
1975 1590 2014 1632 2.
2035 1605 2137 1648 sqq.
2186 1592 2286 1635 Hos
2314 1608 2423 1637 vero
2443 1595 2571 1651 ipsos

212 1672 404 1720 codices,
426 1671 543 1712 inter
561 1670 791 1712 Parisinos
810 1670 947 1727 longe
966 1670 1071 1712 illos
1093 1671 1515 1726 praestantissimos,
1545 1685 1630 1727 ego
1652 1676 1756 1711 ante
1777 1668 1863 1710 hos
1886 1666 2200 1725 duodeviginti
2221 1685 2366 1714 annos
2387 1671 2572 1716 Parisiis

212 1749 398 1798 contuli,
420 1762 648 1805 quumque
667 1754 776 1803 post
794 1747 973 1805 longam
995 1747 1248 1791 studiorum
1266 1764 1464 1793 meorum
1480 1747 1920 1804 Xenophonteorum
1934 1744 2313 1802 intercapedinem
2335 1764 2417 1806 per
2436 1749 2572 1795 huius

212 1826 472 1883 scriptionis
495 1825 876 1881 opportunitatem
901 1825 960 1868 ad
979 1840 1032 1868 ea
1050 1832 1291 1869 revocatus
1311 1842 1468 1876 essem,
1504 1826 1543 1869 si
1573 1840 1690 1883 quae
1717 1823 1824 1866 olim
1854 1838 1878 1865 e
1904 1822 2032 1865 libris
2060 1822 2276 1868 Parisinis
2304 1834 2572 1880 enotassem,

212 1913 381 1962 partem
405 1918 558 1945 eorum
580 1903 653 1944 hie
675 1902 983 1953 describerem,
1016 1918 1182 1958 operae
1201 1904 1392 1960 pretium
1413 1903 1614 1947 facturus
1635 1901 1743 1944 mihi
1762 1901 1962 1944 videbar.
2006 1900 2142 1954 Quod
2163 1917 2219 1946 ne
2239 1903 2445 1956 facerem,
2480 1920 2574 1949 non

211 1998 280 2025 me
300 1981 533 2038 impedivit
553 1980 813 2022 Ludovicus
833 1979 1108 2029 Dindorfius,
1145 1980 1224 2036 qui
1243 1981 1313 2023 vir
1332 1980 1496 2023 doctus
1516 1994 1635 2022 unus
1657 1979 1822 2035 optime
1845 1977 1900 2021 de
1922 1977 2230 2036 Xenophonte
2250 1982 2424 2028 meruit.
2485 1981 2576 2036 Qui

213 2076 350 2119 quum
377 2062 423 2102 in
450 2058 728 2115 praefatione
749 2057 970 2100 editorum
996 2072 1022 2100 a
1050 2072 1099 2100 se
1121 2056 1288 2101 Oxonii
1308 2057 1647 2101 Hellenicorum
1667 2055 1871 2107 dixisset,
1908 2056 2080 2100 codicis
2103 2057 2151 2100 B.
2181 2073 2230 2101 se
2250 2059 2575 2102 accuratiorem

213 2138 498 2182 collationem
519 2135 747 2185 habuisse,
769 2134 938 2177 codicis
963 2134 1013 2179 D.
1035 2135 1176 2177 multo
1198 2135 1524 2193 diligentiorem
1545 2133 1828 2176 collationem
1850 2133 2127 2185 exhibuisse,
2149 2149 2363 2192 quaerere
2384 2136 2572 2186 institui,

210 2231 308 2259 mea
329 2230 466 2272 opera
497 2219 716 2270 quantum
743 2226 770 2254 a
790 2211 925 2255 Gailii
951 2213 1234 2268 potissimum
1262 2222 1308 2256 et
1328 2211 1549 2256 Dindorfii
1578 2211 1743 2268 opibus
1771 2210 1984 2275 differret.
2045 2214 2194 2270 Atque
2220 2215 2266 2256 in
2293 2213 2348 2256 iis
2378 2214 2572 2271 quidem,

210 2306 328 2351 quae
357 2291 413 2333 ab
435 2290 698 2333 Haeussero
720 2288 947 2347 descripta
968 2296 1087 2340 sunt,
1115 2289 1323 2333 nonnihil
1343 2288 1670 2346 discrepantiae
1689 2288 1808 2331 infra
1828 2289 2073 2347 significari
2093 2289 2279 2332 videbis.
2341 2290 2576 2334 Nonnulla

211 2385 296 2427 ego
327 2369 456 2413 aliter
485 2383 621 2427 quam
649 2367 724 2410 ille
751 2366 899 2410 habeo
927 2367 1167 2426 descripta,
1201 2368 1341 2411 veluti
1371 2382 1395 2410 e
1425 2367 1581 2411 codice
1603 2366 1658 2410 D.
1679 2367 1719 2417 3,
1758 2367 1795 2417 l,
1817 2366 1857 2412 6.
1880 2367 2127 2423 ἁλισαρνίαν,
2159 2366 2200 2418 3,
2235 2366 2275 2418 2,
2311 2367 2352 2413 2.
2381 2368 2571 2426 ἐξῄεσαν,

209 2448 251 2490 6.
271 2449 490 2504 ναυβάτας,
517 2446 582 2489 10.
602 2449 676 2501 γῆν
698 2459 798 2496 om„
822 2446 887 2488 13.
908 2450 955 2501 τῆ
974 2449 1136 2501 στρατῖᾶ
1152 2460 1375 2503 superser.
1396 2446 1486 2500 ηγΐς
1509 2445 1598 2488 alia
1618 2446 1695 2488 ille
1717 2445 1898 2488 omnino
1918 2445 2225 2501 praetermisit,
2247 2446 2375 2488 cuius
2393 2447 2573 2503 quidem

211 2527 275 2568 rei
303 2525 507 2580 exempla
534 2523 734 2566 invenies
763 2522 810 2571 3,
850 2524 895 2571 1,
927 2524 992 2565 15.
1027 2524 1092 2566 19.
1124 2524 1193 2566 23.
1225 2523 1265 2571 2,
1300 2524 1340 2565 9.
1401 2522 1578 2574 Quodsi
1611 2522 1832 2565 Dindorfii
1866 2536 2009 2565 novas
2045 2536 2157 2578 opes
2191 2523 2255 2566 ita
2289 2532 2574 2580 comparatas

210 2603 436 2651 vidissem,
472 2608 524 2643 ut
549 2602 597 2643 in
622 2601 677 2643 iis
703 2606 825 2642 recte
851 2600 1104 2642 videremur
1130 2601 1416 2657 acquiescere
1444 2614 1596 2655 posse,
1637 2599 1723 2643 hac
1752 2614 1849 2643 mea
1877 2613 2018 2656 opera
2047 2599 2204 2643 inutile
2231 2600 2447 2657 quiddam
2467 2603 2578 2647 mihi

209 2680 386 2723 viderer
413 2679 654 2735 suscipere.
713 2677 878 2719 Verum
910 2692 983 2719 res
1011 2692 1143 2720 secus
1177 2693 1225 2719 se
1253 2677 1402 2719 habet.
1464 2675 1674 2719 Codicem
1703 2676 1881 2734 quidem
1912 2676 1971 2726 B,
2010 2676 2088 2734 qui
2118 2676 2275 2734 utique
2305 2692 2330 2721 e
2360 2679 2576 2724 Parisinis

212 2758 412 2815 optimus
432 2755 667 2799 habendus
695 2761 777 2804 est,
812 2754 1071 2797 Dindorfius
1092 2755 1328 2811 diligenter
1348 2753 1561 2796 collatum
1582 2752 1741 2796 habuit
1771 2759 1817 2796 et
1839 2753 1999 2797 ducem
2020 2754 2262 2812 praecipue
2279 2763 2463 2801 secutus
2494 2766 2576 2804 est.

213 2836 252 2878 Ε
300 2835 452 2892 primis
491 2833 825 2877 Hellenicorum
865 2831 1157 2889 paragraphis
1197 2832 1402 2876 ducentis
1442 2831 1624 2888 triginta
1663 2835 1835 2887 septem
1882 2838 2017 2876 notas
2060 2831 2362 2891 quadraginta
2402 2842 2574 2880 tantum

212 2920 432 2969 quattuor
450 2913 567 2956 infra
587 2911 835 2966 descriptas
855 2909 1029 2953 videbis
1049 2926 1074 2953 a
1094 2909 1397 2953 Dindorfianis
1419 2896 1743 2964 discrepantes.
1772 2908 1863 2953 Sed
1885 2911 1964 2968 qui
1984 2926 2101 2968 pene
2122 2910 2321 2955 eiusdem
2342 2911 2577 2970 dignitatis

213 2997 285 3034 est
305 2990 453 3033 codex
471 2990 527 3033 D.
548 2991 669 3032 iusto
691 2987 797 3030 mihi
818 2987 920 3045 plus
941 2987 1124 3032 iniuriae
1143 3003 1307 3045 passus
1327 2985 1508 3030 videtur
1527 2999 1640 3028 esse.
1682 2984 1828 3038 Quem
1849 3002 1988 3046 quum
2009 2995 2154 3032 totum
2175 2989 2479 3041 contulissem,
2504 2991 2578 3034 hic

213 3084 239 3112 e
278 3069 429 3126 primis
469 3069 614 3112 tribus
653 3067 780 3110 libris
813 3066 1158 3124 discrepantiam
1199 3066 1431 3123 descripsi,
1472 3078 1607 3121 quam
1645 3063 1684 3107 si
1723 3079 1824 3109 cum
1854 3066 2077 3111 Dindorfii
2115 3067 2329 3112 subsidiis
2371 3068 2576 3114 conferre

2290 3137 2308 3174 l
