2890 3595
1353 99 1405 141 15

194 243 410 280 mutatum
433 250 546 279 esse.
569 259 621 266 —
643 235 684 277 8.
707 236 754 277 δὲ
779 247 866 275 om.
887 233 943 275 D.
967 233 1113 275 εὔνουσ
1134 233 1443 291 superscripto
1465 247 1530 272 σοι
1548 233 1598 274 A.
1648 231 1778 274 Hanc
1798 230 2131 289 paragraphum
2152 231 2299 274 codex
2317 231 2566 289 Lipsiensis

193 315 241 357 in
272 320 470 357 extrema
499 313 597 356 folii
627 313 696 356 95.
727 314 894 370 pagina
924 311 1120 360 exhibet,
1159 310 1344 354 alterius
1374 309 1502 351 initio
1533 310 1680 367 pergit
1708 310 1859 351 verbis
1893 310 1960 359 19,
1997 309 2062 352 16.
2099 335 2151 341 —-
2187 310 2232 351 τὸ
2263 310 2438 365 ἐπιμελῆ
2466 309 2567 353 εἶναι

195 390 481 441 scribendum
503 390 679 432 censuit
698 389 988 433 Heindorfius
1008 395 1086 431 aut
1101 402 1154 430 ea
1173 387 1314 431 verba
1333 386 1538 436 delenda,
1566 386 1810 443 eademque
1830 387 2055 430 sententia
2075 392 2145 429 est
2164 386 2327 429 Cobeti
2345 387 2439 430 Mn.
2463 386 2565 438 VII,

198 468 293 513 130.
328 494 385 501 —
430 468 496 511 ll.
538 467 823 523 ἐπιμελεῖσθαι
862 467 992 511 etiam
1031 466 1077 510 C.
1116 465 1275 517 habet,
1314 467 1504 522 πράττειν
1542 465 1773 521 δυναμένων
1812 465 1945 508 etiam
1975 464 2031 509 D.
2070 465 2353 521 ἐπιμελεῖσθαι
2382 465 2567 523 scripsit

194 545 578 590 Breitenbachius.
640 545 783 598 Quam
802 544 991 588 formam
1012 559 1149 602 quum
1170 544 1402 588 dubitetur
1419 557 1446 586 a
1467 543 1734 601 quibusdam
1755 559 1861 586 num
1880 549 2004 587 recte
2021 544 2404 602 Xenophontem
2426 545 2565 596 dicas,

197 625 316 668 cauti
336 624 551 668 debemus
573 638 673 667 esse
693 624 740 666 in
761 622 976 681 exemplis
998 622 1094 666 eius
1112 622 1283 665 formae
1305 621 1543 679 augendis,
1572 636 1624 666 ac
1645 629 1863 681 sequente
1884 622 2170 681 paragrapho
2191 623 2475 680 probabilius
2495 631 2567 668 est

195 703 330 746 scribi
352 702 546 745 ἀδύνατοί
563 702 663 743 εἰσιν
684 701 966 755 ἐπιμέλεσθαι.
994 700 1050 744 V.
1071 700 1281 744 Dindorf.
1304 700 1469 758 Cyrop.
1491 700 1635 757 (1858)
1656 702 1801 746 Praef.
1823 717 1866 759 p.
1887 702 1946 746 X.
1968 701 2115 746 Cobet
2133 701 2226 745 Mn.
2249 701 2359 754 VII,
2392 703 2487 747 130.
2509 728 2566 736 —

197 782 262 825 14.
285 782 341 836 μὴ
363 781 409 823 δὲ
431 781 538 836 ἐπιχ.
563 779 609 823 C.
631 778 687 823 D.
717 794 823 826 τινας
844 778 983 822 habet
1002 778 1057 822 D.
1088 778 1135 821 in
1154 778 1365 836 margine.
1424 777 1525 822 Hoc
1545 794 1777 838 perperam
1797 780 2036 824 annotavit
2055 779 2243 832 Gassius,
2278 781 2325 824 οἷ’
2347 797 2457 828 τινας
2477 794 2564 839 pro

196 859 355 905 οἵτινες
379 873 447 916 sq.
469 857 505 915 §-
528 871 628 902 esse
648 857 694 900 in
714 857 914 915 margine
935 856 1031 900 eius
1050 856 1153 900 libri
1175 856 1344 900 dicens.
1367 882 1421 888 —
1446 858 1510 901 16.
1533 859 1631 915 πρὸς
1650 863 1706 901 τῶ
1728 875 1771 916 φ.
1801 861 1851 903 A.
1869 859 2017 905 αὐτοὺς
2038 883 2095 889 -
2126 859 2379 914 ἀμελοῦντας
2402 874 2426 902 e
2446 873 2562 903 corr.

195 935 242 980 C.
264 935 437 981 δείξεται
455 935 512 978 D.
548 959 604 965 —
639 934 707 978 20.
728 936 779 978 A.
803 935 993 992 βασιλεὺς
1025 934 1163 977 habet
1193 936 1290 978 sine
1320 937 1523 979 articulo.
1545 952 1643 993 παχ.
1667 937 1785 979 αὐτὸν
1817 953 1841 980 e
1872 951 2000 987 corr„
2035 944 2169 980 antea
2189 938 2321 980 αὐτῶν
2351 940 2402 981 A.
2433 937 2564 979 τᾶλλα

192 1014 243 1056 A.
267 1013 314 1056 C.
335 1012 390 1056 D.
412 1014 588 1068 μάλιστα
610 1026 694 1055 om.
716 1012 772 1056 D.

1249 1141 1362 1191 Oec.
1385 1136 1498 1191 xm.

311 1250 346 1292 1.
370 1264 433 1290 σοι
456 1248 584 1305 βοόλη
607 1248 662 1292 D.
686 1248 831 1304 μέλλοι
851 1250 901 1292 A.
925 1249 972 1292 C.
1014 1248 1116 1292 Vid.
1142 1249 1207 1300 12,
1233 1250 1271 1292 5.
1295 1273 1349 1281 —
1379 1249 1419 1293 8.
1442 1252 1589 1306 ἀμελεῖ
1606 1265 1743 1309 supra
1764 1265 1848 1294 scr.
1872 1269 1895 1308 η
1920 1252 1967 1295 C.
2003 1276 2056 1283 —
2090 1253 2130 1294 9.
2153 1251 2289 1306 Quod
2310 1253 2484 1296 Gailius
2504 1253 2562 1297 de

191 1325 237 1369 Y
258 1332 421 1377 narrat,
442 1327 799 1383 ,,πειθανωτερους
822 1328 851 1382 (ι
873 1342 908 1392 s.
931 1342 967 1369 ει
986 1325 1159 1385 raye)“‚
1185 1327 1241 1369 de
1251 1328 1300 1370 A.
1325 1326 1413 1369 dici
1435 1334 1629 1385 oportet.
1667 1328 1787 1371 Idem
1811 1329 1973 1372 deinde
1995 1331 2298 1387 πυθανωτέροις
2326 1347 2425 1374 cum
2443 1347 2459 1372 ι
2481 1347 2516 1374 s.
2538 1348 2561 1373 υ

191 1403 342 1446 habet.
364 1429 419 1435 —
443 1405 508 1447 10.
531 1405 598 1446 τὸν
618 1405 796 1460 κρείσσω
818 1403 864 1446 C.
886 1404 941 1447 D.

1254 1531 1366 1581 Oec.
1388 1525 1497 1579 XIV.

311 1641 346 1684 l.
379 1642 403 1697 ἡ
435 1644 486 1698 γῆ
519 1641 644 1699 ἐπιτρ.
667 1643 721 1686 A.
752 1643 961 1699 προδεῖται
981 1641 1036 1683 D.
1073 1664 1127 1671 —
1162 1641 1202 1682 2.
1233 1643 1304 1681 τοῦ
1335 1656 1382 1695 γε
1413 1640 1645 1697 ἀπέχεσθαι
1663 1642 1900 1686 Heindorf.
1934 1651 1979 1686 et
2009 1645 2165 1688 Cobet.
2195 1648 2287 1689 Mn.
2317 1648 2428 1697 V11,
2466 1650 2559 1691 131.

191 1719 342 1761 λείπειν
364 1733 388 1762 e
410 1732 523 1763 corr.
544 1720 596 1763 A.
633 1720 784 1762 Antea
802 1719 890 1762 fuit
910 1721 1062 1760 λυπεῖν.
1080 1742 1138 1749 -
1157 1719 1197 1760 5.
1218 1719 1395 1773 κλέμασι
1418 1720 1466 1761 C.
1487 1720 1542 1761 D.
1592 1721 1791 1762 Alterum
1814 1738 1842 1775 μ
1863 1736 1898 1763 s.
1920 1722 1949 1765 l.
1970 1723 2022 1764 A.
2063 1724 2268 1767 Ceterum
2289 1727 2415 1783 quod
2434 1727 2491 1769 de
2512 1728 2560 1769 C.

196 1795 369 1841 Gailius
391 1797 512 1851 dicit,
551 1797 682 1841 etiam
704 1797 760 1840 de
780 1797 835 1839 D.
858 1797 1096 1839 dicendum
1116 1802 1198 1839 est.
1229 1820 1285 1826 —
1321 1797 1361 1839 6.
1382 1799 1451 1838 καὶ
1471 1798 1640 1847 τούτων,
1677 1799 1758 1854 ἔφη
1779 1801 1831 1841 A.
1855 1801 1936 1854 ἐγὼ
1957 1803 2026 1842 καὶ
2045 1803 2199 1845 τούτων
2220 1804 2301 1859 ἔφη
2323 1806 2561 1860 προςφέρων

192 1880 328 1932 atque
349 1874 395 1917 in
415 1873 613 1932 margine
635 1872 704 1916 οὗν
726 1880 834 1931 post
854 1875 936 1929 ἐγὼ
954 1874 1095 1917 habet
1113 1874 1169 1917 D.
1191 1874 1432 1930 προςφὲρων
1453 1875 1574 1918 delet
1602 1876 1908 1927 Heindorfius‚
1943 1879 2001 1920 ad
2027 1882 2357 1936 προςφερόμενος
2385 1885 2563 1926 confert

193 1951 309 1995 Plat.
332 1951 425 1995 CiV.
448 1951 569 1994 VIII.
591 1951 687 1994 563.
710 1951 752 1994 (1.
776 1977 830 1982 -
852 1952 891 1995 9.
914 1956 971 1994 τῶ
993 1953 1117 1994 πλέον
1137 1953 1188 1993 A.
1211 1975 1262 1982 —
1288 1952 1355 1994 10.
1377 1955 1497 1994 τοῦτο
1519 1953 1596 2008 γὰρ
1617 1955 1668 1996 A.
1692 1954 1738 1996 C.
1761 1955 1814 1996 D.

1260 2158 1370 2207 Oee.
1394 2152 1484 2206 XV.

307 2267 346 2310 6.
383 2269 494 2309 δοκῶ
531 2268 604 2322 μὲν
636 2266 690 2309 Α.
726 2267 912 2321 δοκῶμεν
948 2266 994 2308 C.
1030 2266 1085 2308 D.
1126 2291 1178 2296 —
1214 2267 1253 2309 7.
1290 2270 1411 2308 τοῦτο
1448 2268 1494 2308 δὲ
1530 2268 1664 2318 εἰδὼς,
1701 2269 1818 2310 οὐδέν
1853 2286 1888 2311 τι
1917 2271 2029 2326 οἶμαι
2059 2274 2213 2327 μᾶλλον
2245 2273 2291 2315 ἂν
2321 2275 2561 2332 ἐπισταίμην

190 2348 409 2402 γράμματα
430 2345 669 2387 ἐπίστασθαι
689 2342 880 2400 ἠκηκόειν
902 2342 964 2395 ἂν,
988 2342 1203 2400 deinceps
1220 2344 1388 2387 iterans
1409 2345 1545 2387 verba
1567 2347 1684 2387 τοῦτο
1707 2371 1762 2377 -
1782 2348 1999 2403 γράμματα
2021 2355 2065 2391 et
2084 2364 2276 2408 pergens
2298 2352 2406 2394 οὕτω
2427 2354 2474 2395 δὲ
2495 2356 2563 2396 καὶ

191 2422 247 2466 D·
297 2447 353 2454 -·
398 2423 437 2466 9·
470 2420 584 2464 Ἀλλ’
624 2421 666 2462 εἴ
696 2435 764 2476 μοι
813 2443 870 2450 -
906 2424 1100 2476 γεωργεῖν
1135 2435 1220 2464 om.
1259 2424 1310 2465 A.
1350 2423 1397 2465 C.
1433 2423 1487 2465 D.
1548 2423 1686 2465 Iidem
1723 2440 1791 2478 μοι
1827 2433 1931 2468 ante
1965 2428 2074 2468 δοκῶ
2112 2443 2204 2471 non
2245 2431 2468 2472 omittunt.
2506 2455 2564 2462 —

198 2500 262 2543 10.
301 2499 537 2556 Duplicem
584 2499 866 2554 negationem
916 2504 1073 2540 contra
1113 2499 1222 2542 Cob.
1263 2500 1354 2543 Mn.
1395 2501 1503 2550 VII,
1539 2502 1632 2544 131.
1670 2502 1871 2545 defendit
1906 2503 1976 2546 Fr.
2006 2504 2181 2548 Franke
2221 2507 2289 2549 De
2327 2510 2561 2564 particulis

189 2577 458 2636 negantibus
479 2576 509 2619 l.
531 2590 595 2634 gr.
617 2576 693 2618 III.
716 2576 755 2617 9.
777 2599 834 2606 ——
858 2576 924 2617 13.
945 2575 1081 2621 ἄλλως
1104 2591 1147 2616 τε
1169 2578 1237 2617 καὶ
1259 2578 1295 2618 εἰ
1316 2594 1382 2633 χρ.
1405 2578 1452 2621 C,

1251 2782 1365 2832 Oce.
1392 2777 1497 2832 XVI.

306 2890 346 2935 5·
369 2890 419 2945 δὴ
443 2903 530 2932 σω,
553 2889 600 2934 Ο,
623 2889 678 2934 D,
698 2913 755 2920 -
776 2889 816 2933 6.
840 2889 973 2935 ἱκανὸς
993 2890 1044 2932 A.
1066 2914 1121 2920 —-
1143 2890 1182 2935 7,
1205 2891 1396 2947 ψέγουσιν
1417 2916 1475 2922 --
1497 2893 1725 2935 ἐπαινοῦσιν
1749 2896 1794 2937 C.
1828 2920 1885 2926 —
1918 2897 1983 2941 10.
2007 2897 2155 2940 οὔκουν
2176 2899 2227 2941 A.
2248 2902 2306 2956 τῷ
2327 2915 2412 2947 om.
2435 2903 2564 2945 etiam

191 2967 246 3008 D.
279 2967 344 3007 δεῖ
370 2966 442 3008 bis
472 2966 611 3010 habet
639 2966 694 3011 D.
735 2991 791 2998 —
834 2966 899 3009 ll.
930 2967 1067 3021 ἐγὼρ,
1099 2970 1149 3021 γῆ
1183 2968 1230 3010 C.
1273 2970 1298 3023 ἡ
1331 2972 1381 3024 γῆ
1415 2970 1495 3023 ἐγὼ
1525 2971 1576 3014 A.
1610 2971 1690 3013 sed
1723 2988 1823 3014 cum
1855 2975 1998 3031 signis
2028 2976 2123 3018 veri
2155 2977 2325 3019 ordinis
2364 2979 2386 3034 β
2429 2994 2468 3020 α.
2507 3003 2565 3011 -·

191 3043 256 3086 12.
289 3043 479 3099 σχεῖσθαι
501 3042 548 3086 C.
570 3042 628 3085 D.
659 3059 726 3098 χει
756 3056 892 3100 marg.
913 3043 965 3086 A.
985 3042 1277 3088 Heindorfius
1307 3045 1480 3088 mavult
1511 3046 1705 3101 σχᾶσθαι,
1739 3050 1864 3106 quod
1894 3051 2012 3094 idem
2042 3052 2137 3104 fere
2168 3055 2227 3097 sit
2257 3068 2309 3097 ac
2341 3056 2563 3111 χαλᾶσθαι,

184 3121 285 3163 πόαν
304 3136 351 3175 γε
372 3119 428 3164 D.
449 3120 550 3163 πόαν
571 3122 616 3163 τὲ
638 3120 687 3165 C.
707 3121 820 3163 πόλιν
840 3120 893 3171 A,
915 3128 967 3165 ut
987 3125 1063 3163 λιν
1085 3134 1223 3179 supra
1243 3139 1290 3165 αν
1311 3122 1491 3168 habeat.
1513 3149 1571 3156 —
1594 3124 1659 3169 14.
1684 3128 1840 3181 μᾶλλον
1862 3130 1956 3185 ἡμῖν
1981 3130 2056 3187 ὕλη
2079 3132 2128 3175 A.
