2890 3595
1427 59 1478 103 18

382 194 421 245 3,
443 192 484 237 2.
515 192 624 236 Vox
653 193 826 249 αἰσχραί
849 194 1009 238 merito
1040 193 1230 237 offendit
1257 207 1489 238 censorem
1514 193 1849 252 Opusculorum
1874 208 1901 238 a
1922 208 1992 239 me
2015 194 2235 240 editorum
2256 193 2377 240 Diar.
2394 193 2497 240 Hal.
2516 189 2646 240 1840.

266 271 498 329 Supplem.
526 269 595 314 38.
625 284 669 328 p.
699 269 795 313 303.
858 269 1004 325 Quum
1039 271 1154 314 enim
1190 271 1369 330 reliqua
1403 272 1625 316 adiectiva
1658 271 1885 331 singulare
1925 272 2155 331 quoddam
2189 272 2355 317 vitium·
2384 271 2649 332 significent.¹

267 355 403 406 atque
423 348 469 391 in
491 347 787 406 sequentibus
806 348 943 392 rebus
964 347 1254 406 quibusdam,
1283 351 1331 394 in
1352 349 1518 408 quibus
1545 349 1694 394 inesse
1714 350 1870 394 vitium
1891 350 2074 402 dicitur,
2103 349 2405 408 explicentur,
2432 355 2639 395 neutrum

267 426 322 470 de
345 425 518 482 αἰσχραί
536 425 623 469 dici
643 431 818 482 potest,
847 430 899 469 ut
920 439 974 469 ex
995 426 1248 483 posteriore
1275 426 1381 471 loco
1410 427 1500 471 huc
1529 426 1747 471 translata
1767 442 1859 471 vox
1880 442 1980 472 esse
1998 426 2216 472 videatur.
2273 426 2371 472 Nec
2392 427 2648 486 quidquam

267 503 410 547 simile
431 503 476 546 in
499 502 644 559 capite
666 506 829 560 quarto
851 508 933 554 est,
953 502 1033 546 ubi
1052 503 1242 548 virtutes
1264 520 1423 549 canum
1443 505 1771 549 describuntur.

382 582 422 632 4,
444 582 484 624 3.
514 581 585 624 Ex
614 596 705 638 quo
735 579 976 624 Elmsleius
1002 581 1157 639 Eurip.
1179 582 1279 640 Iph.
1301 583 1355 627 T.
1380 584 1503 628 1480.
1531 584 1700 627 formas
1728 583 2092 641 imperativorum
2119 583 2166 626 in
2195 599 2306 626 ωσαν
2335 589 2551 627 exeuntes
2579 581 2639 624 ab

265 659 428 702 Atticis
459 657 753 707 abiudicavit,
780 672 874 700 non
903 658 1145 704 defuerunt
1172 662 1250 719 qui
1271 661 1461 718 plurima
1482 662 1577 703 eius
1597 660 1718 703 modi
1740 661 1962 718 exempla,
1985 661 2165 718 quaein
2188 660 2463 718 cynegetico'
2481 658 2637 701 Xeno-

267 736 472 793 phonteo
500 735 810 787 inveniuntur,
840 737 1107 795 corrigenda
1134 744 1344 794 putarent
1366 752 1487 787 esse,
1514 737 1655 780 veluti
1676 738 1885 782 Dindorf.
1907 740 2048 782 Anab.
2071 737 2219 782 Oxon.
2243 739 2280 788 1,
2300 736 2403 788 4,»8.
2424 742 2471 779 et
2489 735 2640 779 Praef.

266 830 309 871 p.
330 813 463 863 XVI,
494 813 652 857 Cobet.
674 814 839 857 Mnem.
860 813 964 857 VII.
985 815 1084 858 422.
1143 814 1315 857 Nostro
1344 830 1452 857 vero
1481 815 1527 857 in
1554 816 1709 859 libello
1738 817 1776 859 si
1804 831 1897 859 non
1925 816 2142 867 feremus,
2171 816 2280 873 quid
2302 815 2400 858 aliis
2422 813 2640 871 exemplis

264 891 361 941 fiet,
393 905 511 947 quae
541 889 665 946 apud
696 892 893 947 optimos
925 893 1170 949 scriptores
1200 893 1507 941 inveniuntur,
1540 894 1652 935 satis
1681 893 1865 936 multis?
1923 893 2027 937 Vid.
2049 893 2239 951 Kriiger.
2269 892 2475 948 Thucyd.
2500 893 2537 942 1,
2566 891 2637 934 34.

265 967 475 1012 Heiland.
499 967 684 1023 Quaest.
704 969 821 1013 Xen.
845 970 911 1013 11.

382 1047 422 1099 5,
444 1047 484 1089 2.
523 1046 658 1100 Quod
680 1047 881 1089 Cobetus
902 1046 1008 1089 Var.
1029 1045 1153 1089 Lect.
1179 1048 1272 1090 131.
1301 1048 1465 1090 Mnem.
1487 1048 1570 1101 111,
1593 1049 1690 1092 307.
1721 1048 1828 1099 VII,
1849 1049 1946 1091 425.
1976 1049 2033 1092 ad
2061 1048 2457 1092 commendandam
2487 1061 2638 1090 corre·

267 1125 460 1171 ctionem
490 1124 735 1178 μαλκίουσαι
765 1124 1029 1180 proposuit,
1057 1125 1259 1167 nondum
1288 1140 1386 1168 eum
1415 1125 1560 1168 fateor
1580 1125 1686 1168 mihi
1708 1127 2008 1183 persuasisse,
2036 1132 2089 1170 ut
2109 1140 2135 1169 a
2156 1125 2379 1169 sententia
2399 1139 2495 1167 mea
2513 1139 2638 1167 rece·

266 1203 430 1250 derem.
490 1199 755 1243 Dindorfius
784 1203 1017 1258 μαλκιῶσαι
1044 1203 1238 1261 scripsit.
1300 1203 1459 1263 Neque
1482 1203 1607 1262 quod
1635 1204 1692 1248 ad
1712 1204 1947 1248 Demosth.
1968 1204 2163 1263 Philipp.
2188 1204 2290 1256 120,
2312 1203 2351 1247 7.
2382 1217 2436 1246 ex
2456 1203 2636 1262 Harpo-

265 1281 465 1323 cratione
484 1279 723 1336 repetitum
745 1283 826 1328 est,
848 1278 905 1320 ad
925 1286 1132 1322 nostrum
1150 1281 1299 1323 locum
1321 1281 1526 1338 pertinet.

381 1357 426 1406 5,
452 1357 517 1398 11.
558 1355 694 1409 Quod
722 1357 922 1400 Cobetus
942 1359 1036 1402 Mn.
1060 1359 1168 1411 V11,
1190 1360 1288 1403 422.
1319 1360 1454 1402 scribi
1482 1359 1615 1401 iussit
1643 1359 1869 1415 ἐγρητὸρῃ,
1898 1359 2070 1416 pridem
2100 1359 2314 1416 scriptum
2344 1366 2414 1402 est
2441 1373 2467 1400 a
2493 1373 2562 1401 me
2591 1366 2638 1401 et

266 1434 515 1481 Dindorfio.
960 1490 963 1493 .
1881 1448 1883 1450 ·

382 1512 429 1562 5,
451 1511 520 1553 31.
561 1510 721 1553 Cobeti
751 1512 974 1554 sententia
1002 1527 1046 1569 p.
1068 1513 1166 1556 429.
1197 1514 1454 1570 proposita,
1482 1515 1558 1568 γάρ
1589 1518 1696 1570 post
1721 1512 1815 1554 ὅταν
1843 1513 2127 1556 inserendum
2157 1528 2277 1564 esse,
2306 1529 2362 1557 ex
2390 1528 2444 1557 eo
2473 1527 2639 1570 genere

266 1588 574 1632 annotationis
596 1592 687 1638 est,
717 1594 769 1630 ut
787 1594 896 1645 post
917 1589 1067 1632 varios
1091 1605 1224 1633 casus
1247 1591 1303 1633 ad
1325 1591 1500 1647 priscos
1523 1604 1697 1633 errores
1719 1589 1855 1632 delati
1875 1591 2007 1634 nobis
2028 1591 2271 1635 videamur.
2330 1590 2481 1634 Simile
2503 1590 2635 1648 quid·

265 1668 365 1711 dam
388 1667 627 1711 dicendum
649 1666 704 1710 de
727 1680 780 1708 eo
803 1671 893 1717 est,
923 1668 1048 1724 quod
1078 1668 1311 1724 copiosius
1333 1667 1408 1711 ille
1428 1682 1471 1725 p.
1493 1668 1577 1710 447
1599 1682 1700 1725 sqq.
1723 1666 1779 1711 de
1799 1667 2047 1725 ingeniosis
2068 1683 2120 1712 ac
2142 1669 2310 1725 pridem
2333 1669 2421 1712 hoc
2442 1669 2546 1712 loco
2569 1669 2632 1722 (ἐν

263 1745 381 1801 χιόνι)
404 1751 449 1789 et
467 1742 719 1801 Hipparch.
742 1742 789 1792 5,
816 1743 879 1786 10.
909 1745 1116 1797 (ποσίνὸα)
1144 1747 1340 1802 receptis
1369 1746 1639 1790 coniecturis
1660 1746 1855 1789 virorum
1877 1745 2114 1789 doctorum
2135 1746 2395 1803 disputavit.
2454 1745 2565 1789 Aliis
2586 1746 2634 1788 in

261 1822 377 1866 locis
407 1823 557 1866 cautio
587 1821 846 1864 adhibenda
875 1825 963 1872 est,
991 1836 1047 1865 ne
1077 1824 1297 1879 speciosis
1326 1813 1521 1866 virorum
1550 1823 1822 1866 Batavorum
1850 1823 2236 1867 emendationibus
2265 1823 2338 1867 vel
2368 1823 2633 1867 emendandi

264 1901 502 1944 conatibus
524 1899 702 1956 decepti
725 1912 840 1954 quae
861 1912 888 1940 a
908 1900 1189 1943 nostratibus
1212 1899 1362 1943 edocti
1383 1915 1536 1943 sumus
1557 1900 1740 1944 meliora
1761 1900 2091 1944 obliviscamur.
2138 1900 2294 1945 Veluti
2314 1901 2354 1952 6,
2375 1901 2444 1945 20.
2465 1901 2634 1957 proba-

261 1978 411 2026 biliter
447 1977 590 2020 videri
627 1982 782 2033 potest
810 1977 1105 2031 κελεύσμασιν,
1147 1977 1214 2020 24.
1247 1977 1566 2032 ἐγκελεύσμασιν
1597 1977 1871 2035 flagitavisse
1910 1977 2110 2021 Cobetus
2141 1977 2360 2022 Mnemos.
2391 1978 2503 2028 VII,
2534 1978 2632 2021 426.

259 2055 457 2099 Alteram
480 2055 666 2098 formam
688 2053 889 2111 praefert
907 2053 1168 2097 Schneider.
1209 2054 1324 2097 Plat.
1348 2055 1440 2097 Civ.
1461 2055 1558 2097 407.
1580 2055 1622 2098 b.
1684 2055 1824 2106 Vera,
1848 2061 1897 2098 ut
1917 2055 2054 2107 solet,
2076 2055 2232 2098 docuit
2253 2055 2448 2100 Lobeck.
2490 2056 2632 2114 Soph.

261 2135 329 2176 Ai.
362 2149 405 2190 p.
428 2133 524 2175 323.
556 2148 623 2189 sq.
689 2133 786 2175 Nec
816 2133 955 2191 magis
984 2133 1240 2174 necessaria
1271 2139 1340 2174 est
1370 2134 1590 2174 correctio
1621 2133 1812 2176 Mehleri
1843 2133 1983 2176 ConV.
2014 2149 2059 2190 p.
2088 2134 2156 2177 70.
2189 2135 2225 2190 §-
2254 2134 2322 2177 23.
2355 2135 2634 2191 ἐμβλέπουσαι
2714 2165 2718 2168 -

261 2211 514 2254 scribentis.
556 2208 623 2251 Cf.
649 2209 713 2258 10,
739 2209 804 2255 12.

376 2289 415 2337 7,
442 2289 507 2331 lO.
539 2286 713 2341 πάθημα
733 2301 818 2343 pro
842 2287 1015 2342 μάθημα
1037 2287 1172 2329 scribi
1194 2287 1293 2330 vult
1309 2286 1464 2331 Cobet.
1483 2286 1574 2329 Mn.
1590 2286 1690 2337 VII,
1707 2286 1804 2337 428,
1827 2287 1951 2344 quod
1972 2287 2056 2330 iam
2080 2288 2198 2338 olim,
2221 2302 2356 2345 quum
2373 2287 2634 2343 Hesychius

261 2366 421 2408 ἔκκυνοι
451 2366 641 2408 dixisset
661 2365 822 2419 νόσημά
849 2381 885 2406 τι
906 2368 1048 2415 κυνῶν,
1078 2365 1163 2408 fuit
1191 2366 1268 2422 qui
1299 2364 1520 2407 suaderet.
1582 2363 1671 2406 Sed
1704 2379 1839 2421 quum
1871 2365 1926 2408 de
1956 2365 2239 2409 institutione
2270 2380 2427 2408 canum
2459 2370 2632 2423 agatur,

260 2445 435 2499 πονηρὸν
470 2444 646 2499 μάθημα
676 2448 799 2485 recte
829 2443 966 2485 malae
996 2442 1252 2485 educationis
1282 2443 1429 2485 vitium
1462 2442 1780 2498 interpretatus
1819 2449 1889 2485 est
1916 2442 2069 2486 Kfihn.
2100 2443 2214 2487 Poll.
2236 2444 2282 2495 5,
2304 2443 2372 2494 65,
2404 2459 2633 2502 quumque

259 2521 477 2562 ἐθισθῶσιν
499 2523 755 2572 antecedat,
785 2521 939 2578 possis
969 2521 1097 2562 etiam
1122 2536 1303 2576 pravam
1325 2520 1654 2562 consuetudinem
1675 2521 1968 2577 interpretari.
2028 2522 2195 2565 Eadem
2215 2537 2324 2566 vero
2346 2523 2484 2565 verba
2504 2537 2631 2577 πονη-

261 2599 328 2654 ρὸν
351 2599 524 2653 μάθημα
547 2598 602 2641 de
624 2613 735 2642 cane
756 2599 877 2642 dicta
899 2604 1007 2640 sunt
1029 2598 1149 2653 apud
1172 2599 1405 2641 Arrianum
1428 2596 1595 2654 Cyneg.
1618 2597 1685 2647 25,
1707 2597 1746 2640 9.

374 2674 415 2723 9,
439 2674 503 2717 18.
535 2676 669 2718 scrib.
691 2680 871 2732 τραχεῖς.

283 2799 287 2801 ,
378 2751 443 2801 10,
465 2751 505 2794 3.
534 2753 603 2796 Ad
633 2767 703 2803 ea,
733 2767 851 2810 quae
881 2752 937 2795 de
966 2750 1194 2796 vocabulo
1224 2750 1414 2805 κρανείας
1444 2764 1563 2792 nunc
1585 2750 1714 2792 etiam
1736 2765 1762 2794 a
1782 2751 2017 2794 Dindorfio
2039 2757 2224 2808 recepto
2246 2753 2479 2804 annotavi,
2509 2754 2639 2797 addo·

259 2829 453 2871 Pausan.
477 2830 514 2878 1,
532 2830 599 2881 21,
616 2831 656 2879 8,
677 2831 754 2873 ubi
776 2830 1007 2872 novissimi
1031 2829 1227 2871 editores
1249 2830 1415 2884 κράνειαι
1438 2829 1727 2884 seripserunt,
1750 2843 2019 2887 quamquam
2040 2829 2229 2872 Siebelis
2243 2829 2365 2872 Diar.
2382 2830 2486 2876 Hal.
2505 2832 2629 2876 1839.

260 2906 328 2949 30.
352 2921 393 2963 p.
416 2906 513 2950 233.
546 2907 709 2961 κράνινα
740 2906 954 2951 defendit.
1014 2907 1115 2951 Alia
1134 2921 1244 2950 vero
1267 2905 1383 2965 ratio
1407 2910 1476 2964 est
1495 2905 1585 2948 loci
1605 2906 1673 2948 De
1694 2920 1742 2949 re
1764 2907 1963 2964 equestri
1987 2907 2053 2960 12,
2077 2907 2143 2958 12,
2166 2921 2259 2965 quo
2280 2907 2502 2951 referendi
2523 2916 2630 2959 sunt

257 2984 349 3037 loci
373 2985 475 3042 Cyr.
498 2983 603 3048 7⁵.¹⁹
625 2983 664 3026 2.
703 2984 823 3028 Hell.
847 2985 887 3034 3,
908 2985 950 3035 4,
975 2985 1039 3028 14.
1062 2997 1308 3040 eorumque
1329 2982 1610 3039 interpretes.

375 3062 440 3111 10,
463 3062 502 3104 9.
537 3062 747 3116 ἑστήξεται
769 3062 898 3103 etiam
916 3061 1089 3104 Cobeto
1108 3062 1201 3106 Mn.
1217 3061 1318 3110 Vll,
1335 3060 1430 3104 423.
1454 3061 1675 3116 displicet.
1715 3062 1916 3104 Retinuit
1935 3062 2009 3105 hic
2030 3060 2306 3112 Dindorfius‚
2329 3062 2428 3116 Cyr.
2445 3061 2485 3110 6,
2502 3061 2542 3111 2,
2561 3061 2637 3104 17-
