2890 3595
1367 162 1395 206 8

197 299 342 342 ἀποθν.
373 296 514 351 Quod
534 295 716 339 codices
737 295 917 354 quidam
934 295 1144 339 dicuntur
1162 296 1334 340 habere
1356 298 1424 339 καὶ
1447 297 1607 346 duom..
1622 296 1886 347 Hertleinio,
1905 296 2138 341 Dindorfio
2155 299 2405 356 ceterisque
2426 298 2570 342 edito·

198 378 325 422 ribus
345 376 589 435 probatum
609 380 655 417 et
673 373 814 432 magis
835 372 1070 430 probabile
1092 380 1162 417 est
1182 389 1316 432 quam
1337 375 1387 430 δή
1410 374 1571 419 Cobeti
1591 374 1684 419 Mn.
1704 374 1738 419 Ι.
1759 373 1857 419 312.
1889 399 1934 408 -
1965 374 2034 419 34.
2055 375 2213 420 ὁπλῖται
2233 401 2289 411 —
2309 357 2569 433 παρήγγειλε.

200 454 341 509 Quod
359 452 733 498 Breitenbachius
754 452 936 509 scripsit
954 453 1233 508 παρήγγελλε,
1254 454 1408 497 nescio
1430 469 1488 497 an
1509 453 1557 498 in
1575 453 1703 498 nullo
1723 453 1841 498 libro
1862 454 2168 512 manuscripto
2190 454 2260 498 sit.
2285 481 2336 487 -
2359 455 2428 499 36.
2450 470 2570 512 κηφι-

202 536 413 590 σηφῶντα.
434 556 490 563 —
511 531 580 573 40.
602 531 658 572 ὤν
680 544 766 572 om.
790 553 840 560 —
862 529 932 572 41.
954 529 1111 571 καλλίω
1132 553 1189 561 —-
1211 531 1519 586 περιελήλυθεν.
1559 531 1695 584 Quod
1715 532 1990 583 Dindorfius‚
2020 532 2252 590 ingeniose
2279 532 2356 576 ille
2377 533 2571 595 quidem,

203 616 252 653 at
269 610 411 652 verbo
439 622 587 666 neque
608 622 690 663 per
715 621 765 648 se
791 605 1034 648 admodum
1061 608 1290 664 probabili
1317 615 1362 651 et
1389 623 1548 664 parum
1567 608 1908 666 Xenophonteo
1928 626 2058 661 usus,
2089 611 2271 667 scripsit
2297 611 2573 665 παρελύθητε,

205 687 263 730 ab
293 686 542 729 editoribus
568 683 897 727 recentioribus
923 691 1156 740 receptum
1186 688 1253 730 est
1283 685 1502 728 omnibus.
1563 685 1678 728 Mihi
1707 687 1794 729 nisi
1824 702 1851 730 a
1881 687 2172 730 similitudine
2201 686 2450 730 litterarum
2480 701 2572 729 non

205 763 368 821 placet.
427 762 579 805 Habet
598 774 705 804 vero
727 760 950 816 scriptura
977 760 1272 818 plurimorum
1300 761 1507 805 codicum
1532 763 1860 817 περιεληλόθατε
1882 770 2060 820 praeter
2078 764 2449 822 significationem
2468 777 2573 820 pas-

206 841 347 885 sivam
375 839 544 888 omnia,
573 852 690 896 quae
718 836 791 881 hic
821 844 927 895 apta
956 837 1029 881 vel
1058 840 1313 882 necessaria
1341 837 1498 881 haberi
1524 837 1732 881 debeant.
1791 838 1912 882 Vere
1941 841 2056 883 enim
2086 841 2228 884 sensit
2248 840 2507 883 Classenius
2528 841 2574 883 in

203 917 386 961 Jacobs.
408 919 500 960 Att.
522 915 710 959 verbum
737 914 985 959 desiderari
1013 915 1266 973 decipiendi
1296 915 1620 973 significatione
1649 916 1919 973 praeditum,
1949 925 1994 960 et
2022 917 2149 975 quod
2177 918 2407 974 praecedit
2432 921 2573 973 γνώμῃ

204 994 413 1051 προέχειν,
435 994 476 1037 ei
497 992 772 1037 contrarium
792 991 881 1035 dici
902 1000 1255 1036 consentaneum
1276 999 1356 1042 est,
1379 992 1518 1035 veluti
1539 992 1701 1050 decepti
1714 1002 1752 1035 et
1771 995 2039 1037 circumventi
2053 996 2162 1037 esea.
2223 994 2278 1037 Id
2298 1009 2406 1038 vero
2428 995 2576 1052 ipsum

206 1078 276 1117 est
294 1071 603 1129 περιέρχεσθαι.
644 1070 885 1128 Ατίεῒορὶι.’
901 1070 985 1128 Eq.
1006 1070 1135 1112 1141:
1157 1069 1377 1127 Σκέψασθε
1400 1071 1444 1112 δέ
1468 1071 1525 1125 μ’,
1550 1072 1587 1112 εἰ
1608 1074 1746 1126 σοφῶς
1770 1071 1918 1118 αὐτοὺς
1940 1072 2225 1128 περιέρχομαι,
2245 1072 2340 1118 τοὺς
2362 1072 2575 1126 οἰομένους

206 1136 389 1205 φρονεῖν.
439 1149 591 1190 Locus
612 1148 745 1190 aliam
765 1147 1028 1190 medicinam
1057 1155 1305 1203 exspectat.
1344 1173 1395 1179 —-
1431 1148 1500 1189 42.
1529 1147 1788 1202 ὀμωμόκατε.
1816 1172 1890 1190 -.
1911 1149 1978 1191 43.
2012 1150 2178 1204 ὕστερον
2201 1151 2372 1206 scripto
2396 1164 2533 1205 supra
2557 1165 2575 1189 ε

206 1232 396 1269 accentu
419 1232 464 1268 et
483 1227 530 1268 in
550 1225 637 1268 fine
659 1243 692 1267 ω
713 1231 757 1267 et
777 1225 823 1266 in
843 1226 1061 1282 margine:
1083 1241 1143 1280 γρ.
1167 1224 1325 1280 ὑστέρω
1348 1224 1481 1281 χρόνω
1508 1244 1564 1257 -ι
1580 1224 1817 1280 ὀμόσαντες.

1266 1427 1402 1479 ΗοΠ.
1438 1423 1511 1477 ΙΙΙ.

323 1538 391 1580 Ad
412 1537 534 1580 hunc
554 1537 717 1580 librum
739 1535 947 1592 graviora
967 1542 1141 1579 tantum
1163 1535 1384 1593 quaedam
1403 1551 1427 1578 e
1450 1536 1606 1579 codice
1627 1535 1680 1578 D.
1705 1537 1913 1579 enotabo.

1247 1739 1380 1790 Heu,
1403 1734 1476 1799 ΙΙΙ,
1501 1734 1539 1788 1.

324 1852 360 1894 l.
391 1850 621 1906 ἐνέβαλλον.
657 1872 712 1881 -
747 1849 786 1891 9.
815 1847 933 1902 γνοὺς
963 1872 1018 1878 —-
1046 1849 1279 1903 στράτευμα
1302 1862 1386 1890 om.
1415 1873 1469 1880 —
1489 1850 1618 1890 ταῦτα
1639 1848 1742 1890 πολὺ
1765 1849 1933 1891 omisso
1956 1850 2019 1904 δή.
2055 1873 2108 1879 -
2145 1847 2209 1890 10.
2239 1849 2273 1890 δ’
2296 1848 2406 1890 αὐτῶ
2428 1847 2578 1902 ταύτης

206 1933 280 1986 τῆς
301 1931 442 1986 χώρας
471 1952 524 1958 -
555 1927 696 1983 ἐπειδὴ
718 1928 764 1969 δὲ
787 1927 956 1972 ἐκεῖνος.
987 1949 1043 1957 ——
1076 1925 1139 1968 14.
1170 1926 1224 1966 ὢν
1246 1926 1387 1982 αὐτῆς.
1418 1951 1475 1957 -
1508 1925 1573 1968 15.
1596 1925 1750 1971 ἐκεῖνος
1775 1926 1896 1982 λοίβη.
1929 1950 1982 1957 -—
2017 1927 2082 1969 19.
2105 1926 2346 1981 ὃερκυλίόας
2367 1925 2435 1965 καὶ
2456 1923 2578 1969 αὐτὸς

208 2008 357 2062 ὥςπερ.
378 2031 434 2037 -
462 2006 531 2049 21.
555 2006 628 2061 μὲν
649 2009 721 2047 τοῦ
746 2004 917 2061 μειδίου.
940 2028 994 2034 --
1023 2002 1092 2046 22.
1114 2003 1325 2059 εἰρηνικῶς
1349 2004 1405 2050 εἰς
1427 2003 1516 2047 δύο.
1538 2026 1592 2033 --
1622 2003 1690 2046 23.
1712 2004 1811 2059 πρὸς
1833 2003 2063 2059 ἀκρόπολιν.
2087 2029 2140 2035 —-
2163 2004 2251 2046 ἐπεὶ
2271 2004 2317 2044 δὲ
2339 2002 2500 2044 τέθυτο.
2524 2027 2578 2032 -

208 2084 276 2128 24.
299 2085 372 2140 μὲν
394 2084 533 2126 τοίνυν.
558 2107 611 2113 -
632 2082 701 2125 27.
723 2082 812 2124 ἐπεὶ
834 2079 863 2122 δ’
890 2081 1090 2136 εἰοῆλθεν,
1113 2080 1253 2122 ἐκάλει
1275 2082 1296 2122 ὁ
1318 2081 1558 2135 δερκυλίὸας
1579 2097 1614 2122 τ.
1636 2097 1729 2135 ταμ.
1752 2106 1803 2112 -
1827 2081 1894 2124 28.
1917 2080 1976 2123 ἔτι
1998 2096 2082 2123 om.
2115 2082 2149 2123 ὦ
2172 2079 2317 2122 Μειδία
2341 2095 2425 2123 om.

1247 2284 1383 2333 neu.
1408 2280 1482 2344 111,
1505 2281 1553 2332 2.

321 2397 362 2440 4.
383 2397 410 2452 ἦ
427 2410 451 2438 e
468 2409 582 2438 corr.
601 2418 655 2426 —
676 2392 717 2436 6.
739 2393 942 2450 ναυβάτας
963 2417 1018 2423 -
1040 2392 1243 2448 μέμφοιτο
1268 2417 1322 2425 —
1344 2393 1380 2434 εἰ
1400 2394 1446 2435 δὲ
1469 2395 1619 2436 δίκαια.
1642 2418 1696 2424 -
1717 2394 1757 2437 9.
1780 2393 1863 2435 ἀλλ’
1889 2393 2141 2449 ἀπέπεμψεν.
2163 2416 2219 2423 -
2245 2393 2309 2436 10.
2331 2397 2403 2449 γῆν
2426 2407 2510 2435 om.
2526 2417 2580 2424 —

212 2476 277 2518 11.
306 2475 528 2529 ἀφικνεῖτο.
591 2471 730 2524 Quod
757 2470 957 2513 Cobetus
985 2475 1117 2512 antea
1145 2476 1223 2512 aut
1251 2470 1342 2524 ἐνῆν
1372 2469 1496 2512 αὐτοῦ
1527 2471 1725 2513 correxit
1751 2470 1844 2513 Mn.
1867 2469 1908 2520 Ι,
1930 2470 2027 2513 313.
2058 2477 2137 2514 aut
2164 2470 2211 2526 ἦν
2242 2471 2380 2516 αὐτοῖς
2405 2469 2488 2518 VI,
2511 2470 2579 2515 49.

208 2548 478 2608 perridicule
498 2548 614 2592 illud
634 2548 802 2592 dictum
822 2552 960 2597 ratus,
983 2561 1075 2590 non
1095 2546 1294 2590 meminit
1312 2562 1423 2590 usus
1439 2547 1766 2605 Xenophontei
1785 2548 1930 2590 ἐνεῖναι
1946 2546 2002 2590 de
2019 2547 2086 2599 iis,
2109 2561 2226 2607 quae
2246 2548 2293 2591 iu
2313 2547 2574 2606 regionibus

209 2630 283 2673 vel
303 2629 495 2671 maxime
514 2628 561 2670 in
585 2627 769 2684 oppidis
791 2631 911 2677 sunt,
933 2624 1126 2671 dicendi.
1153 2626 1189 2676 1,
1212 2625 1252 2676 3,
1278 2625 1343 2672 19.
1365 2626 1431 2668 τὸν
1454 2625 1594 2668 ἐνόντα
1616 2629 1733 2669 σῖτον.
1754 2625 1794 2677 3,
1819 2626 1856 2677 1,
1882 2625 1949 2670 12.
1972 2626 2009 2668 οἱ
2031 2626 2188 2674 ἐνόντες
2211 2627 2394 2684 φρουροί.
2416 2625 2457 2675 5,
2477 2624 2518 2675 2,
2540 2625 2581 2667 4.

211 2706 456 2759 αἰσθόμενος
485 2705 548 2756 δέ,
580 2705 641 2746 ὅτι
661 2706 682 2746 ὁ
705 2708 816 2750 οἶτος
839 2704 881 2745 ἐν
903 2704 958 2757 τῇ
977 2703 1094 2745 πόλει
1113 2702 1240 2749 πολὺς
1263 2703 1388 2758 ἐνείη,
1419 2703 1497 2746 ubi
1527 2703 1672 2747 codex
1691 2704 1746 2748 D.
1767 2703 1908 2747 habet
1935 2704 1999 2761 εἴη
2031 2719 2171 2762 supra
2189 2710 2312 2749 recte
2333 2703 2504 2759 scripto
2526 2703 2579 2745 ἐν.

210 2783 264 2825 In
285 2783 386 2824 aliis
406 2782 532 2824 libris
555 2788 625 2824 est
645 2781 777 2836 ἐνείη,
806 2781 854 2823 in
875 2780 976 2823 aliis
999 2780 1076 2835 εἴη.
1135 2781 1205 2823 An
1227 2796 1344 2839 quae
1365 2796 1436 2824 res
1458 2781 1503 2824 in
1524 2780 1652 2824 libris
1673 2787 1876 2825 veterum
1897 2781 2107 2827 dicuntur
2127 2781 2283 2839 aliquo
2305 2780 2352 2823 in
2371 2779 2476 2823 loco
2500 2779 2580 2823 ali-

212 2861 402 2917 quibus,
430 2872 526 2899 non
552 2859 600 2900 in
628 2858 856 2915 aliquibus
883 2858 1052 2906 inesse,
1083 2857 1223 2900 veluti
1245 2861 1373 2900 κλῖναι
1394 2858 1539 2902 Thuc.
1563 2859 1603 2908 4,
1626 2859 1702 2910 48,
1732 2860 1907 2915 τριήρεις
1931 2858 2056 2904 Dem.
2078 2858 2194 2902 Phil.
2216 2858 2271 2901 II.
2297 2858 2370 2906 12,
2400 2857 2586 2913 ἀφορμαί

212 2935 401 2995 Olynth.
422 2935 487 2985 ΙΙ,
508 2934 584 2985 22,
615 2937 779 2992 quibus
798 2936 846 2978 in
866 2935 981 2978 locis
1009 2936 1147 2982 αὐτοῖς
1176 2935 1378 2978 additum
1400 2943 1470 2979 est
1489 2935 1563 2979 vel
1589 2935 1745 2978 similis
1765 2936 1967 2986 dativus,
1996 2950 2054 2979 ne
2074 2934 2313 2977 videantur
2341 2934 2388 2976 in
2415 2933 2582 2977 ventri·

211 3015 326 3058 culis
353 3013 586 3073 hominum
613 3013 761 3055 inesse
789 3014 897 3063 dici,
926 3013 1017 3055 loci
1051 3020 1293 3070 propterea
1319 3014 1522 3057 mutandi
1550 3021 1678 3065 sunt,
1707 3020 1760 3057 ut
1782 3013 1953 3057 factum
1974 3019 2044 3056 est
2064 3012 2210 3069 priore
2233 3026 2257 3055 e
2277 3010 2582 3056 Demosthene

208 3094 349 3137 allato
377 3092 498 3143 loco,
528 3092 734 3134 nimirum
756 3091 882 3148 quod
908 3106 1002 3133 non
1029 3098 1149 3134 esset
1169 3092 1231 3134 ibi
1253 3098 1412 3147 portus
1435 3090 1841 3134 commemoratus?
1898 3090 2085 3134 Addidit
2105 3090 2220 3133 enim
2242 3089 2468 3136 Cobetus:
2497 3093 2582 3136 τοῖς

208 3172 321 3215 Χίων
343 3173 494 3227 φυγάσι
515 3173 625 3215 σῖτος
647 3168 775 3214 πολὺς
797 3168 858 3223 ἧν,
880 3182 973 3210 non
994 3168 1099 3223 ἐνῆν,
1123 3168 1235 3223 εἶχον
1252 3169 1327 3223 γὰρ
1345 3171 1411 3210 τὸν
1429 3174 1549 3219 σῖτον,
1571 3169 1618 3210 οὐ
1636 3168 1977 3224 κατεδηδόκεσαν.
1997 3194 2051 3199 --
2076 3168 2141 3210 14.
2163 3168 2350 3223 φυλακὰς
2368 3169 2508 3214 ἱκανὰς
2526 3191 2583 3199 —
