2890 3595
1380 107 1408 149 3

216 240 411 298 quidem,
448 240 694 297 aliquando
716 240 912 283 Gailium
939 241 1056 283 idem
1076 240 1168 284 fere
1196 257 1368 284 mecum
1395 242 1562 285 habere
1587 239 1743 289 videri,
1781 254 1936 282 verum
1963 252 2079 295 quae
2107 252 2192 295 ego
2215 225 2453 295 ‘deser-ipsi.
2490 248 2576 282 tam

212 318 323 362 mihi
343 324 466 361 certa
485 325 604 370 sunt,
638 324 690 361 ut
709 318 842 361 fidem
861 318 1016 361 videar
1034 318 1268 375 postulare
1289 334 1441 376 posse.
1500 319 1701 363 Instituti
1721 322 1871 361 autem
1898 315 1984 359 mei
2003 314 2120 359 ratio
2141 314 2256 360 haec
2275 322 2359 367 est,
2387 322 2439 359 ut
2459 329 2578 374 quae

207 400 258 440 in
276 397 423 440 tribus
441 398 598 453 primis
617 397 745 439 libris
772 397 820 439 in
840 396 997 439 codice
1016 395 1080 446 D,
1115 404 1160 440 et
1186 398 1244 440 ab
1265 398 1395 441 initio
1417 411 1563 454 usque
1590 396 1648 440 ad
1667 395 1730 446 11,
1767 395 1816 446 2,
1855 395 1921 440 10.
1951 394 1997 437 in
2024 392 2075 440 B.
2096 391 2253 444 aliter,
2288 407 2427 451 quam
2453 393 2575 451 apud

207 474 405 518 Gailium
424 474 593 531 scripta
611 474 915 522 inveniuntur,
949 481 1210 530 comparata
1228 475 1335 525 vidi,
1369 474 1482 518 haec
1503 479 1689 522 tantum.
1725 468 2005 521 Schneideri‚
2041 469 2301 521 Haeusseri,
2331 468 2566 521 Dindorfii,

208 553 402 597 aliorum
420 568 536 610 pene
556 552 680 596 nulla
700 552 875 595 ratione
896 550 1065 604 habita,
1099 561 1309 597 accurate
1330 552 1595 598 describam.
1653 550 1800 595 Notas
1829 565 1854 593 e
1879 548 2009 593 libris
2030 547 2218 607 reliquis
2239 553 2458 607 quattuor
2483 547 2574 591 alio

210 630 316 675 loco
338 630 473 674 dabo.

1016 902 1406 951 Hellenicorum
1422 900 1509 949 lib.
1534 896 1567 948 1.
1593 914 1701 963 cap.
1726 896 1764 948 1·.

331 1003 366 1046 l.
390 1003 636 1058 ὃημοχάρης
656 1000 711 1043 D.
734 999 842 1056 ἔχων
863 1002 960 1045 ναῦς
981 997 1033 1043 Β.
1056 998 1110 1044 D.
1131 1023 1189 1031 —
1207 999 1248 1044 2.
1270 999 1466 1054 ἀνήγοντο
1489 1012 1711 1054 superscr.
1729 1000 1783 1052 γά
1803 999 1857 1041 D.
1880 1001 2056 1055 τριήρεις
2078 1016 2165 1046 om.
2186 1001 2242 1044 D.
2264 1026 2318 1034 —-
2340 1003 2381 1047 5.
2404 1002 2575 1045 ἑωθινοῦ

210 1081 267 1123 D.
286 1104 344 1111 —
364 1079 404 1123 6.
426 1079 551 1121 αὐτοῦ
572 1078 627 1121 D.
650 1102 702 1111 —
730 1077 772 1122 8.
792 1078 1095 1131 τεσσαράκοντα
1115 1076 1171 1121 D.
1191 1076 1398 1131 θράσυλος
1420 1076 1478 1121 εἷς
1500 1077 1668 1118 omisso
1688 1078 1931 1134 participio
1953 1079 2008 1119 ὤν
2030 1079 2092 1128 D,
2113 1079 2161 1122 id
2181 1079 2307 1136 quod
2328 1080 2466 1122 semel
2487 1094 2578 1121 non

210 1161 400 1216 propter
420 1155 629 1206 Gailium,
664 1154 745 1197 sed
771 1158 960 1211 propter
978 1151 1300 1194 Schneiderum
1330 1159 1375 1193 et
1394 1152 1675 1195 Dindorfium
1694 1168 1871 1199 moneo,
1909 1180 1964 1186 -——
2002 1155 2069 1200 12.
2091 1157 2154 1197 ἐπὶ
2176 1157 2411 1212 συμμαχίαν
2432 1156 2487 1198 D.
2525 1181 2579 1189 —

214 1236 280 1280 14.
302 1235 561 1292 φαρνάβαζον
579 1232 635 1276 D.
664 1256 720 1263 —-
752 1232 818 1275 15.
840 1231 1068 1286 ἐξαγγεῖλαι
1087 1231 1137 1275 Β.
1197 1230 1334 1284 Quod
1354 1247 1382 1273 a
1403 1231 1551 1274 Gailio
1571 1231 1698 1274 nulla
1718 1239 1985 1275 accentuum
2006 1235 2121 1276 ratio
2143 1234 2302 1277 habita
2323 1241 2406 1280 est.
2441 1249 2580 1291 quum

209 1313 269 1355 ab
291 1311 392 1353 aliis
413 1317 507 1353 tum
527 1325 554 1352 a
572 1311 643 1355 Fr.
664 1311 836 1352 Haasio
858 1312 1161 1365 vituperatum
1181 1318 1251 1352 est
1285 1311 1352 1352 De
1372 1325 1465 1366 rep.
1487 1311 1592 1352 Lac.
1615 1325 1657 1365 p.
1679 1310 1746 1351 37.
1769 1325 1837 1366 sq.
1871 1336 1919 1341 —
1954 1311 2019 1356 16.
2043 1313 2214 1367 ἀνήγετο
2236 1313 2293 1356 D.
2313 1337 2369 1344 —
2395 1313 2459 1354 18.
2482 1313 2576 1353 ἰδὼν

213 1392 260 1432 δὲ
280 1390 348 1431 καὶ
369 1390 391 1430 ὁ
413 1404 454 1443 μ.
479 1388 532 1430 D.
556 1412 610 1418 —
631 1388 699 1429 22.
723 1388 801 1428 ἐντ.
823 1387 868 1427 δὲ
891 1386 961 1441 ἀφ.
984 1386 1038 1427 D.
1060 1410 1115 1416 -
1137 1387 1204 1430 24.
1227 1387 1413 1441 φυλακὰς
1434 1387 1489 1429 D.
1510 1412 1568 1418 —
1588 1387 1656 1428 27.
1679 1387 1842 1428 οἴκοθεν
1864 1387 1924 1427 ὅτι
1945 1389 2135 1441 φεύγοιεν
2156 1389 2206 1431 Β.
2227 1413 2281 1421 -
2303 1389 2372 1431 28.
2394 1390 2438 1430 οἵ
2453 1389 2482 1430 δ’
2507 1389 2579 1430 οὐκ

211 1468 269 1511 D.
290 1465 717 1522 ἡμετέραν-ὑμετέραν
737 1464 787 1506 Β.
809 1463 865 1508 D.
892 1463 960 1505 καὶ
988 1463 1054 1505 διὰ
1081 1479 1115 1504 τ.
1138 1465 1205 1518 ὑμ.
1226 1464 1277 1507 Β.
1312 1489 1369 1496 -
1402 1464 1471 1507 30.
1495 1464 1741 1511 ουναυλίζων
1763 1463 1813 1508 Β.
1834 1463 1889 1508 D.
1914 1464 2092 1520 ἤμελλεν
2113 1464 2164 1508 Β.
2198 1489 2253 1497 -
2287 1466 2355 1509 35.
2386 1467 2453 1510 καὶ
2484 1467 2579 1510 ὅθεν

214 1545 270 1587 D.
291 1568 347 1574 —
367 1542 435 1586 36.
458 1543 683 1596 συμμάχων
704 1540 759 1584 D.

1266 1675 1401 1727 nen.
1426 1673 1459 1735 1,
1485 1672 1532 1725 2.

330 1793 371 1836 2.
398 1793 512 1835 Post
539 1791 627 1833 ἐκεῖ
652 1790 862 1832 lacunam
887 1789 1068 1831 brevem
1092 1787 1232 1830 habet
1258 1786 1309 1830 Β.
1338 1789 1597 1844 προσέβαλλε
1625 1787 1680 1830 D.
1716 1813 1770 1820 -
1806 1789 1845 1832 3.
1875 1789 2008 1832 αὐτῶν
2037 1791 2086 1834 Β.
2115 1792 2171 1836 D.
2209 1817 2260 1823 —
2300 1792 2366 1835 12.
2387 1792 2581 1848 τέτταρας

214 1872 337 1928 μόνον
359 1870 507 1928 ἔλαβον
528 1868 583 1913 Ι).
622 1892 675 1899 -
712 1868 778 1911 14.
801 1866 1003 1924 εἰργμένοι
1026 1866 1075 1909 Β.
1095 1865 1151 1909 D.
1173 1864 1438 1921 διωρὺξαντες
1458 1865 1508 1908 Β.
1532 1866 1569 1907 οἳ
1591 1866 1626 1908 δ’
1649 1867 1706 1912 εἰς
1729 1865 1784 1908 D.
1806 1891 1860 1897 -
1885 1868 1951 1910 17.
1973 1869 2112 1916 αὐτοῖς
2133 1869 2189 1912 D.
2223 1893 2281 1901 —
2318 1870 2383 1913 18.
2405 1870 2583 1912 εἰλώτων

215 1950 272 1995 D,
313 1951 447 2006 φῆκαν
487 1947 543 1991 D.
584 1946 775 2001 ἐπήκοος,
814 1951 866 1988 ut
903 1945 1095 1994 videtur,
1132 1943 1185 1994 B.
1220 1943 1419 1986 Cobetus
1453 1946 1674 1990 Mnemos.
1705 1945 1738 1989 1.
1775 1946 1872 1989 306.
1909 1947 2082 2001 ἀφεῖσαν
2116 1948 2252 1990 scribi
2282 1948 2381 1991 vult
2406 1955 2585 2004 praeter

215 2026 542 2071 necessitatem.
603 2023 769 2067 Verius
808 2023 888 2068 VI.
927 2022 1025 2065 284.
1065 2022 1250 2064 eandem
1288 2021 1476 2064 formam
1516 2025 1563 2072 5,
1606 2024 1672 2066 19.
1711 2025 1938 2080 probavit.
2001 2025 2355 2083 Xenophontem
2394 2041 2503 2069 vero
2544 2029 2583 2069 si

215 2107 440 2163 corrigere
458 2103 602 2153 voles,
623 2115 763 2159 supra
784 2102 851 2145 10.
872 2115 966 2143 non
987 2101 1160 2157 patiere
1178 2102 1306 2142 iuxta
1326 2115 1375 2142 se
1395 2102 1548 2157 posita
1568 2102 1726 2144 ἔδωκαν
1747 2109 1793 2145 et
1812 2103 1976 2145 ἔδοσαν.

1261 2307 1400 2356 neu.
1424 2304 1458 2367 1,
1480 2303 1526 2358 3.

335 2421 372 2464 l.
399 2418 747 2475 παρεληλυθότων
773 2422 830 2460 τῶ
858 2417 1030 2472 πολε-ἔμω
1056 2416 1375 2472 superscriptis
1411 2416 1471 2459 ad
1497 2419 1803 2462 revocandum
1829 2419 2061 2478 vulgarem
2090 2420 2291 2464 ordinem
2319 2421 2461 2478 signis
2492 2421 2515 2477 β
2543 2436 2583 2462 α.

220 2498 274 2542 D.
297 2521 350 2528 —
371 2496 412 2540 4.
435 2495 465 2537 δ’
489 2495 578 2537 ἐπεὶ
597 2494 653 2538 D.
680 2519 740 2527 —
767 2494 807 2537 5.
829 2494 868 2536 οἱ
888 2493 935 2535 δὲ
958 2492 1146 2548 ἀθηναῖοι
1165 2492 1535 2548 ἀντεπαρετάξαντυ
1556 2493 1611 2540 D.
1642 2520 1699 2527 —
1732 2496 1771 2540 8.
1792 2497 1865 2552 μὲν
1886 2495 2047 2555 (ᾤχετο
2069 2499 2174 2544 σω.)
2194 2498 2252 2545 εἰς
2274 2497 2330 2542 D.
2367 2522 2420 2530 —
2456 2497 2497 2540 9.
2519 2499 2587 2540 καὶ

221 2576 367 2632 ὅρκους
407 2573 557 2629 ἔλαβον
605 2572 674 2614 καὶ
713 2570 862 2614 ἔδοσαν
901 2570 1000 2626 πρὸς
1040 2569 1298 2626 φαρνάβαζον
1338 2569 1393 2613 D.
1453 2569 1581 2623 Quae
1619 2572 1861 2629 scriptura,
1917 2573 2022 2617 olim
2061 2575 2197 2618 etiam
2234 2574 2586 2618 Breitenbachio

221 2651 471 2711 probabilis
505 2649 625 2698 visa,
661 2647 815 2690 addita
846 2662 968 2690 nunc
1003 2647 1258 2689 ultimorum
1291 2642 1617 2691 vocabulorum
1653 2651 1908 2701 notatione,
1944 2657 2165 2707 quantum
2198 2651 2368 2695 habeat
2403 2667 2497 2710 quo
2538 2668 2588 2696 se

222 2728 516 2779 commendet,
556 2726 692 2770 docet
709 2724 913 2769 Bornem.
936 2723 1077 2766 Conv.
1097 2738 1142 2780 p.
1168 2723 1259 2767 135.
1295 2748 1351 2754 -—
1391 2725 1456 2768 11.
1478 2726 1524 2766 δὲ
1544 2724 1670 2781 ἦλθεν
1691 2725 1746 2768 D.
1768 2727 2138 2783 ὁμεῖσθαι·ὁμεῖται
2157 2728 2214 2773 D.
2242 2753 2300 2761 -—
2336 2729 2403 2774 12.
2425 2732 2588 2785 ὤμοσεν

223 2808 279 2852 D.
315 2831 372 2840 —
407 2805 474 2851 13.
496 2803 565 2847 οὖν
586 2817 671 2847 om.
691 2803 747 2848 D.
770 2801 896 2858 ἀπῄει
917 2816 1002 2847 om.
1024 2802 1079 2847 D.
1114 2825 1170 2832 ·-
1209 2802 1274 2846 15.
1296 2801 1429 2848 ἔλιξος
1449 2803 1504 2846 D.
1540 2826 1596 2833 -
1633 2804 1699 2848 16.
1719 2806 1767 2847 δὲ
1788 2806 1857 2850 do.
1879 2806 1934 2851 D.
1957 2830 2013 2837 —
2036 2806 2103 2850 17.
2123 2808 2294 2850 ἐδύνατο
2316 2832 2372 2838 -
2394 2808 2514 2853 ἐλίξω
2534 2832 2587 2839 -

223 2883 429 2929 συλλέξων
462 2905 519 2913 —-
557 2881 801 2936 συμμάχους
827 2879 883 2921 D.
941 2878 1229 2921 Vocabulum
1249 2879 1356 2934 ἄλλῃ
1385 2880 1432 2921 in
1461 2880 1590 2921 nullo
1619 2881 1777 2923 codiee
1805 2884 2022 2940 scriptum
2051 2898 2186 2942 quam
2207 2899 2589 2941 supervacaneum

224 2961 483 3005 habendum
502 2963 637 3009 esset,
657 2959 746 3001 iam
765 2957 936 3015 pridem
957 2957 1119 3001 docere
1139 2957 1307 3008 studui,
1332 2972 1490 3015 pamm
1511 2957 1620 3000 olim
1638 2958 1896 3004 intellectus
1916 2960 2264 3006 Breitenbachio
2285 2962 2446 3008 Annal.
2468 2962 2590 3020 Lips.

227 3040 351 3083 1852.
386 3038 483 3083 237.
546 3036 652 3080 Vid.
679 3037 887 3080 Heiland.
917 3036 1103 3090 Quaest.
1132 3037 1246 3080 Xen.
1278 3052 1324 3093 p.
1359 3035 1399 3081 6.
1436 3060 1491 3068 —
1527 3036 1593 3082 19.
1632 3041 1764 3080 σῶσαι
1800 3037 1856 3083 Ι).
1886 3039 2196 3096 ἀπολλυμένους
2224 3039 2274 3086 Β.
2334 3040 2591 3085 Probabilis

224 3117 463 3173 scriptura.

2279 3185 2322 3220 1&
