2890 3595
1380 156 1431 201 10

1259 338 1394 390 11011.
1418 333 1492 397 ΙΙΙ,
1516 335 1560 387 5.

336 448 374 488 1.
397 449 471 501 μὲν
491 453 601 503 post
622 447 778 502 Θήβαις
801 461 886 489 om.
916 470 974 480 —
1011 448 1050 490 2.
1074 450 1371 505 μεταβαλόντες
1401 451 1473 488 τοῦ
1495 448 1679 502 χρυσίου.
1710 470 1766 477 -
1796 447 1836 489 3.
1866 446 2052 500 νομίζοντ
2073 459 2214 501 συρτει
2233 446 2404 502 scripto
2425 461 2491 496 ευ,
2513 445 2597 487 sed

216 522 387 564 lineola
408 525 647 567 exstincto.
678 548 732 556 —
761 524 800 567 5.
821 528 986 580 πιιραιᾶ
1007 525 1204 580 ἐθελῆσαι
1224 549 1280 556 -
1303 525 1516 580 ἀγησιλοίω
1538 525 1868 579 συνεστράτευον.
1897 547 1952 554 --
1979 522 2019 565 6.
2042 523 2242 568 αἰνειᾶνας
2263 545 2319 554 -
2339 523 2385 564 τὲ
2405 524 2475 565 καὶ
2498 523 2594 568 τοὺς

219 600 372 647 ἄλλους
392 602 754 657 πελοποννησίους.
780 626 832 633 —-
852 602 891 644 7.
914 602 1154 659 διαβατήρια
1175 602 1320 644 ἐθύετο
1344 601 1470 652 αὐτῶ,
1493 601 1636 647 καθεζ.
1658 602 1699 642 ἐν
1714 601 1837 655 τεγέα
1867 623 1909 632 -
1925 601 2142 656 ἐμβάλοιεν
2159 624 2213 631 -
2229 601 2425 655 λέγοντας
2441 601 2596 641 τοιάδε.

222 677 380 720 Cobet.
401 678 494 720 Mn.
516 677 585 719 VI
595 710 606 728 ,
640 678 720 720 197
742 692 810 735 sq.
847 677 1136 720 scribendum
1163 678 1275 721 dicit
1303 679 1493 731 λέγοντες
1521 679 1620 719 τάδε
1649 684 1694 720 et
1722 679 1768 728 2,
1790 679 1838 726 4,
1860 677 1929 720 37.
1955 677 2061 720 item
2082 677 2292 731 λέγοντες,
2320 677 2408 720 dici
2436 690 2599 733 graece

221 753 393 796 addens
414 761 493 797 aut
521 756 559 796 οἱ
587 755 798 810 Ἀθηναῖοι
819 755 1005 812 ἔπεμψαν
1025 757 1218 813 πρέσβεις
1240 757 1433 812 ἐροῦντας
1455 756 1552 796 τάδε
1575 761 1655 797 aut
1673 754 1864 808 λέγοντες
1885 755 1997 796 τάδε.
2055 753 2141 797 Est
2167 754 2246 797 illa
2274 754 2457 812 quidem
2486 768 2597 797 con·

223 833 416 874 suetudo
444 833 646 888 dicendi3
676 847 832 875 verum
861 834 1108 877 secundum
1137 834 1256 876 hanc
1285 833 1571 882 sententiam,
1601 847 1738 889 quae,
1766 837 1818 874 ut
1845 845 2003 888 saepe,
2032 831 2108 875 hic
2130 846 2314 890 quoque
2343 832 2601 889 speciosior

221 915 290 950 est
319 924 453 964 quam
480 911 651 960 verior,
678 909 771 952 loci
800 925 895 952 non
923 912 1056 967 pauci
1084 912 1143 953 ad
1171 912 1485 968 corrigendum
1504 915 1696 958 restant,
1728 909 1804 951 alii
1824 909 2092 951 correctioni
2115 911 2313 953 obstant.
2334 912 2383 961 4,
2405 911 2446 959 7,
2467 911 2514 952 3:
2545 908 2597 951 Οἱ

219 985 434 1042 Ἀθηναῖοι
462 986 649 1043 ἔπεμψαν
676 988 856 1043 κήρυκας
886 988 1168 1044 ὑποφέροντας
1190 990 1380 1036 σπονδάς.
1439 988 1479 1038 2,
1500 988 1541 1037 4,
1562 986 1638 1029 35:
1660 986 1851 1028 ἐδίδασκε
1872 986 1966 1032 τοὺς
1989 986 2032 1028 ἐν
2054 984 2245 1044 Πειραιεῖ,
2267 988 2333 1029 οἷα
2353 988 2433 1044 χρὴ
2455 986 2594 1041 λέγον·
2668 1023 2670 1025 ,

222 1077 295 1108 τας
316 1063 512 1120 πρέσβεις
532 1064 718 1119 πέμπειν.
779 1064 944 1121 Cyrop.
967 1065 1014 1114 5,
1035 1065 1082 1114 4,
1106 1064 1181 1106 24:
1211 1065 1280 1106 καὶ
1309 1061 1432 1110 αὐτὸς
1459 1066 1617 1119 κήρυκα
1639 1063 1797 1118 ἔπεμψε
1816 1065 1914 1119 πρὸς
1936 1064 2057 1106 αὐτὸν
2076 1064 2200 1106 ταύτὰ
2221 1064 2407 1118 λέγοντα.
2468 1062 2596 1106 Nihil

223 1145 274 1181 ut
292 1139 438 1182 dicam
459 1140 516 1183 de
535 1142 593 1183 iis
613 1141 749 1191 locis,
777 1142 825 1183 in
846 1141 1014 1198 quibus
1039 1142 1329 1198 participium
1356 1141 1413 1184 ad
1432 1142 1609 1199 legatos
1638 1142 1868 1197 pertinens
1896 1141 2027 1199 quasi
2055 1141 2253 1184 solutum
2273 1148 2363 1190 est,
2391 1141 2533 1184 veluti
2553 1140 2594 1188 3,

226 1216 262 1264 1,
287 1216 352 1258 18.
394 1218 436 1266 4,
455 1218 496 1267 6,
521 1219 558 1262 1.
617 1218 760 1261 Recte
786 1233 896 1261 vero
926 1233 1048 1261 nunc
1078 1219 1292 1261 scribitur
1319 1220 1485 1262 Comm.
1511 1220 1547 1268 l,
1573 1218 1610 1268 1,
1631 1219 1670 1260 6.
1703 1219 2054 1273 μαντευσομένους
2084 1218 2264 1272 ἔπεμπον
2293 1224 2338 1260 et
2365 1218 2530 1275 Cyrop.
2553 1219 2594 1267 5,

221 1293 268 1341 4,
294 1293 358 1336 18.
386 1295 557 1348 πέμπων
585 1297 761 1350 φανερὸς
790 1295 838 1350 ἧν
865 1295 962 1342 τοὺς
987 1296 1333 1351 θεραπεύσοντας.
1372 1321 1427 1326 -
1466 1297 1507 1339 8.
1536 1297 1624 1337 εἶπε
1654 1294 1745 1337 τότε
1775 1295 1819 1341 ὃς
1849 1295 1995 1351 ἔτυχε,
2025 1295 2106 1338 sed
2134 1296 2277 1352 signis
2297 1297 2393 1338 veri
2422 1295 2595 1339 ordinis

223 1371 557 1426 superscriptis.
578 1396 636 1404 —
659 1373 724 1414 10.
747 1372 972 1427 φοβηθεῖτε
994 1397 1049 1402 -
1071 1373 1165 1426 ὅπη.
1185 1396 1241 1404 -
1265 1373 1331 1415 11.
1352 1375 1419 1414 καὶ
1440 1376 1508 1414 νῦν
1529 1373 1589 1414 δὲ.
1612 1396 1667 1404 -
1691 1373 1757 1414 12.
1779 1372 2028 1414 καθεστάναι
2048 1372 2113 1414 ita
2134 1377 2397 1422 correctum,
2417 1379 2470 1415 ut
2488 1372 2597 1429 plus

223 1447 430 1491 videatur
450 1464 462 1489 ι
484 1449 636 1492 valere
658 1464 795 1507 quam
816 1464 851 1492 ε.
909 1448 980 1492 Ad
998 1448 1231 1506 vulgatam
1253 1450 1522 1506 scripturam
1541 1449 1780 1492 καθιστάναι
1801 1448 2015 1492 tuendam
2029 1447 2309 1493 Hertleinius
2330 1447 2460 1492 affert
2479 1448 2593 1492 Plat.

220 1525 360 1569 Lach.
387 1526 482 1570 197.
504 1526 548 1571 d.
571 1527 697 1583 ἀνδρί,
718 1528 762 1570 ὃν
784 1529 809 1583 ἡ
830 1527 944 1574 πόλις
966 1527 1073 1573 ἀξιοῖ
1091 1527 1218 1583 αὐτῆς
1238 1530 1488 1584 προεστάναι.
1539 1527 1642 1581 Quo
1665 1527 1770 1571 addi
1790 1527 1923 1571 facile
1943 1527 2076 1585 plura
2094 1533 2304 1585 possunt.
2324 1550 2383 1560 —
2403 1526 2470 1570 13.
2493 1542 2593 1582 συμ-

225 1604 494 1658 βαλλόμενος.
518 1627 573 1636 --
606 1604 672 1647 14.
692 1605 760 1646 καὶ
783 1605 838 1646 ὧν
859 1604 1054 1661 πρότερον
1076 1629 1131 1636 —-
1152 1607 1218 1646 νῦν
1240 1605 1285 1647 δέ
1307 1621 1353 1659 γε
1377 1607 1413 1647 εἰ
1431 1607 1498 1647 καὶ
1520 1623 1554 1648 τ.
1576 1621 1618 1647 π.
1643 1631 1695 1638 -
1726 1606 1792 1648 15.
1816 1606 1895 1661 οὐχ
1917 1605 2084 1648 ἑκόντων
2104 1605 2270 1662 ἤρχετε.
2294 1630 2347 1638 -
2381 1605 2446 1649 17.
2468 1619 2596 1659 παρε·

223 1682 470 1728 σκευάζοντο
495 1681 758 1728 ἀπελθόντες.
780 1707 833 1714 —-
866 1682 934 1725 20.
957 1683 1213 1738 στενοπορία.

336 2065 441 2109 Non
473 2080 658 2124 possum
689 2069 889 2112 codicem
915 2068 965 2112 D.
987 2068 1261 2127 relinquere,
1292 2070 1400 2128 quin
1430 2083 1575 2128 pauca
1603 2068 1765 2112 addam
1789 2069 1844 2112 de
1874 2068 2040 2112 ultimis
2061 2069 2157 2111 eius
2177 2068 2320 2117 foliis,
2351 2081 2466 2126 quae.
2489 2074 2598 2110 sunt

222 2144 576 2188 ducentesimum
611 2148 989 2204 septuagesimum
1026 2154 1200 2189 sextum
1240 2154 1284 2189 et
1322 2148 1569 2204 septimum.
1630 2147 1814 2191 Praeter
1851 2146 1938 2189 alia
1976 2147 2087 2189 satis
2116 2147 2275 2197 multa,
2311 2161 2428 2204 quae
2463 2147 2592 2188 etiam

222 2221 528 2265 Schneiderus
548 2223 664 2268 Plat.
688 2224 781 2267 Civ.
804 2225 836 2267 1.
859 2238 901 2281 p.
919 2224 1098 2267 XXXII
1121 2226 1390 2282 percensuit,
1412 2226 1566 2267 insunt
1586 2227 1631 2268 iu
1652 2226 1739 2267 fine
1759 2225 1861 2267 libri
1880 2225 2095 2266 Manuelis
2113 2225 2236 2267 Phile
2255 2225 2436 2281 Ephesii
2450 2224 2600 2265 Jambz’

219 2300 270 2343 de
289 2300 539 2344 Aleaeandro
566 2317 730 2360 mayno,
758 2301 972 2344 Eiusdem
992 2303 1139 2345 Jambi
1169 2303 1214 2344 in
1243 2303 1451 2345 tabellam
1480 2304 1661 2360 nuptias
1682 2301 1925 2344 Alexandri
1954 2302 2101 2358 pictas
2128 2303 2409 2345 exhibentem
2433 2316 2593 2343 secun-

221 2377 325 2420 dum
346 2377 607 2429 Lucianum‚
631 2379 827 2437 denique
849 2379 1076 2429 Eiusdem,
1098 2386 1149 2423 ut
1169 2386 1214 2423 et
1233 2379 1511 2423 Schneidero
1533 2381 1677 2423 visum
1700 2386 1769 2423 est
1789 2385 1834 2422 et
1855 2380 1914 2429 ei,
1936 2380 2014 2437 qui
2034 2380 2080 2422 in
2100 2380 2202 2437 ipso
2224 2380 2381 2423 codice
2402 2379 2592 2422 indicem

220 2456 470 2512 inscripsit,
509 2456 807 2514 fragmentum
849 2457 906 2500 de
945 2458 1080 2499 variis
1120 2458 1372 2500 animalium
1414 2458 1667 2515 generibus.
1744 2457 1930 2500 Jambos
1971 2457 2150 2514 quidem
2200 2457 2305 2500 illos
2354 2456 2594 2512 descripsit

218 2531 258 2576 J.
280 2534 331 2576 A.
354 2532 535 2578 Cramer
560 2535 606 2577 in
628 2536 877 2579 Anecdotis
906 2535 1079 2593 graecis
1111 2535 1437 2579 parisiensibus
1458 2534 1564 2579 Vol.
1586 2535 1618 2579 I.
1642 2551 1684 2593 p.
1705 2535 1774 2579 43.
1834 2533 1881 2578 Is
1911 2549 2120 2579 versuum
2148 2535 2392 2592 primorum
2421 2540 2593 2593 septem

221 2611 267 2653 in
289 2611 532 2655 scribendo
554 2613 938 2669 perturbationem
961 2614 1019 2656 ad
1041 2630 1251 2658 versuum
1273 2629 1447 2664 eorum,
1476 2613 1633 2671 quales
1656 2619 1762 2657 sunt
1780 2611 1967 2669 Ephesii
1997 2606 2119 2656 illius
2147 2613 2362 2664 hominis,
2391 2613 2591 2657 ordinem

220 2690 464 2732 revocavit.
522 2689 757 2734 Nonnulla
785 2706 915 2741 vero,
947 2708 1064 2749 quae
1092 2707 1186 2735 non
1214 2698 1335 2734 recte
1363 2698 1470 2735 sunt
1497 2692 1553 2734 ab
1575 2707 1630 2734 eo
1651 2691 1899 2747 descripta,
1927 2690 2003 2733 hic
2023 2691 2207 2737 notabo.
2267 2691 2439 2742 Versu,
2469 2692 2592 2750 quie

223 2764 414 2808 Cramer-i
436 2768 610 2811 ratione
632 2784 674 2825 p.
697 2770 767 2812 43.
791 2777 981 2813 octavus
1003 2776 1085 2820 est,
1108 2769 1254 2813 codex
1273 2771 1419 2816 παντὸς
1441 2770 1510 2813 bis
1533 2770 1681 2815 habet.
1735 2768 1800 2814 16.
1824 2767 1968 2823 ἔγωγε.
2018 2767 2117 2812 Alia
2137 2768 2374 2812 vitiosiora
2394 2776 2592 2825 praeter-

221 2842 364 2885 mitto.
425 2841 492 2885 27.
514 2843 738 2890 scribendi
758 2847 976 2891 rationem
999 2845 1213 2903 κᾴκείνους
1235 2846 1280 2889 in
1304 2845 1460 2890 codice
1482 2861 1574 2890 non
1596 2860 1696 2890 esse
1717 2851 2069 2889 consentaneum
2092 2853 2173 2897 est,
2196 2846 2273 2903 qui
2294 2859 2351 2889 ne
2371 2845 2448 2889 ubi
2468 2853 2591 2890 recte

220 2918 399 2977 quidem
430 2926 500 2962 est
530 2921 625 2965 iota
653 2923 920 2967 subscribat.
981 2924 1088 2982 Pag.
1111 2925 1178 2967 44.
1208 2939 1250 2967 v.
1276 2924 1328 2966 14
1351 2930 1395 2967 et
1420 2923 1483 2967 16.
1513 2924 1638 2982 quod
1667 2923 1901 2967 Cramerus
1931 2923 2113 2980 scripsit
2141 2923 2309 2977 λόγους,
2340 2924 2493 2981 potius
2522 2930 2593 2967 est

220 2997 347 3056 quod
369 2998 623 3043 emendavit
645 3014 775 3058 quam
798 3002 922 3060 quod
945 3002 1159 3060 scriptum
1180 3002 1365 3047 invenit.
1426 3001 1660 3061 Scriptura
1680 3015 1836 3059 parum
1858 2999 2043 3059 liquida.
2102 3015 2144 3044 v.
2167 3000 2236 3044 21.
2265 3000 2422 3044 ultima
2441 3001 2593 3046 littera

217 3076 430 3121 vocabuli
452 3077 652 3134 ἄγευστον
674 3093 698 3122 e
721 3093 833 3125 corr.
856 3082 1025 3139 scripta
1046 3088 1128 3126 est.
1187 3080 1241 3125 In
1271 3081 1566 3139 inscriptione
1594 3079 1777 3123 alterius
1806 3080 1948 3138 partis
1967 3079 2226 3123 Jamborum
2249 3080 2483 3124 Cramerus
2512 3084 2592 3122 τῶν

218 3157 369 3200 omisit
401 3161 509 3215 post
543 3155 623 3199 ἀπό
658 3171 764 3204 τινος
805 3164 849 3201 et
888 3159 1069 3216 scripsit
1108 3159 1475 3217 ἐξωγραφημένην,
1518 3159 1642 3217 quod
1682 3165 1802 3202 recte
1842 3158 1888 3201 in
1929 3157 2086 3201 codice
2126 3165 2196 3202 est
2235 3158 2591 3215 ἐζωγραφημένον.
