2890 3595
1542 31 1597 74 ‘20

492 165 520 207 4
569 163 611 206 2.
643 162 774 221 βραχὺ
795 163 862 204 καὶ
884 162 1049 218 ἀγεννές
1070 162 1128 213 Ρ,
1166 162 1290 221 prius
1311 162 1440 214 male,
1476 164 1663 208 alterum
1683 171 1818 209 recte.
1853 164 1983 219 ἔγωγε
2006 162 2113 206 εἶδον
2135 164 2385 221 postulavit
2402 163 2630 226 Hauptius
2649 168 2678 212 1,
2701 183 2753 218 0„

379 242 562 299 scripsit
580 240 853 284 Hercherus.

495 320 536 363 5.
556 320 690 361 inscr.
713 332 827 360 corr.
849 317 984 358 ὁποία.
1005 340 1060 347 -
1081 317 1121 368 5,
1146 318 1183 361 1.
1206 318 1450 372 ἀντήρκευεν
1471 319 1520 362 P.
1542 319 1685 361 Scrib.
1707 319 1965 373 ἀντήρκεσεν.
2012 317 2186 360 Deinde
2208 320 2253 361 in
2273 320 2390 363 libro
2412 328 2482 365 est
2503 323 2704 378 ἐπόθησεν
2725 339 2750 378 η

379 411 524 441 eraso.
544 420 604 429 —
622 395 663 445 5,
684 394 725 437 6.
747 394 948 449 ἱερωτάτη
969 393 1020 436 Ρ.
1041 396 1251 451 πραοτάτη
1273 394 1440 438 Herch.
1461 420 1520 428 —
1538 396 1578 445 5,
1600 396 1639 439 7.
1662 395 1879 451 φαίνεσθαι
1899 394 2064 438 Herch.
2086 393 2134 436 ἂν
2155 396 2336 451 φαίνοιτο
2358 397 2527 456 Haupt.

493 473 534 516 8.
555 472 690 516 inser.
712 470 981 525 διαγνωστέον
1003 471 1240 528 perspicue
1260 470 1401 514 habet
1420 472 1470 524 P,
1494 472 1539 515 in
1560 471 1707 515 indice
1728 472 1829 529 ipso
1850 471 2025 516 litterae
2045 488 2126 528 γνω
2147 487 2239 515 non
2261 474 2374 516 satis
2395 483 2626 531 apparent.

493 551 535 603 9,
573 551 611 595 1.
642 549 775 594 scrib.
806 548 878 605 τὴν
907 548 1009 592 κύνα
1031 548 1079 592 ἄν
1100 565 1159 597 τις
1181 549 1292 592 alni).
1324 574 1384 583 —
1415 550 1456 602 9,
1478 550 1517 594 2.
1541 550 1675 594 scrib.
1698 550 1944 607 ἀφαιρεῖται,
1965 556 2017 594 ut
2039 551 2105 602 ll,
2127 550 2166 594 2.
2227 550 2332 595 Vid.
2354 551 2559 597 Bornem.
2582 553 2753 612 Cyrop.

380 629 518 675 Schn.
541 644 584 687 p.
606 628 704 679 530,
732 626 813 685 qui
831 625 905 670 hic
927 625 974 668 ἂν
996 626 1209 683 ἀφαιροῖτο
1231 642 1284 672 ac
1306 627 1469 672 deinde
1490 629 1636 672 ὁπόταν
1658 629 1793 672 scribi
1814 628 1925 673 vult.
1966 628 2054 672 Hic
2076 628 2219 672 omnis
2239 628 2370 672 locus
2392 630 2477 673 etsi
2497 631 2544 675 in
2565 631 2681 675 libro
2703 631 2754 676 P.

380 724 496 768 pene
517 706 725 765 dignosci
745 720 798 748 ac
817 703 907 762 legi
926 719 1019 747 non
1041 712 1207 762 potest,
1242 706 1279 763 ξ.
1301 705 1340 750 2.
1364 708 1599 765 perspicue
1620 707 1758 751 habet
1779 706 2024 763 ἀφαιρεῖται.
2083 706 2198 751 Esse
2229 707 2274 751 in
2296 722 2349 751 eo
2372 708 2639 752 ἀναπαύοιντο
2662 724 2755 753 non

382 794 507 834 certo
529 784 710 834 dixeris,
733 781 834 825 sola
853 781 968 824 enim
992 783 1267 840 praepositio
1291 791 1491 841 apparet.

497 864 564 908 10.
584 863 632 906 in
650 861 856 905 lemmate
878 874 963 903 scr.
986 863 1072 907 ταῖς
1094 867 1139 904 et
1159 861 1308 909 ταύτας
1331 863 1395 905 δεῖ
1413 878 1511 906 cum
1533 863 1580 907 P.
1607 889 1658 895 —
1683 862 1749 913 10,
1770 861 1810 906 2.
1832 863 1886 918 τῇ
1908 861 2029 918 δεξιῷ
2048 861 2097 904 Ρ.

498 942 566 985 14.
583 940 644 982 ·in
673 939 880 981 lemmate
899 937 948 980 Ρ.
980 937 1119 981 habet
1138 940 1257 981 ποίωι
1277 944 1436 995 καιρῶι,
1471 947 1521 983 ut
1543 955 1680 997 supra
1710 940 1755 982 in
1777 939 1935 982 indice.
1995 937 2056 982 Ut
2079 939 2144 989 14,
2176 939 2215 982 5.
2238 947 2307 983 est
2328 940 2432 983 ἔστιν
2454 942 2510 994 αἵ,
2533 942 2596 985 ita
2615 940 2683 992 24,
2706 941 2746 985 3.

382 1021 488 1063 ἔστιν
510 1019 556 1060 οἵ
568 1018 616 1060 in
628 1016 835 1060 Palatino
858 1014 1028 1066 codice,
1049 1015 1454 1072 idqueHercherus
1473 1018 1655 1073 recepit.
1684 1017 1754 1060 Ad
1775 1030 1827 1060 ea
1847 1022 2008 1067 autem,
2030 1030 2146 1073 quae
2168 1016 2272 1059 olim
2293 1016 2383 1060 hoc
2402 1017 2507 1061 loco
2529 1019 2755 1068 annotavi,

381 1097 595 1141 Arrianea
617 1092 833 1149 exempla,
854 1092 996 1136 veluti
1014 1093 1156 1136 Anab.
1182 1094 1219 1143 1,
1258 1099 1295 1145 7,
1330 1095 1394 1145 17,
1431 1095 1509 1138 ubi
1531 1094 1805 1145 Gronovius,
1834 1094 2000 1138 Millies
2019 1094 2094 1144 ita,
2116 1095 2274 1151 inquit,
2304 1110 2424 1139 nunc
2445 1095 2555 1139 nolo
2577 1096 2755 1140 addere.

382 1175 513 1218 Solet
533 1178 682 1216 autem
701 1171 920 1215 Arrianus
942 1171 1137 1213 scribere
1159 1171 1265 1213 ἔστιν
1288 1172 1341 1224 οἵ,
1376 1172 1483 1215 ἔστιν
1505 1173 1556 1216 αι’.
1617 1173 1728 1215 Loci
1747 1172 2086 1229 Xenophontei,
2124 1187 2242 1229 quos
2272 1173 2417 1224 attuli,
2449 1189 2570 1218 nunc
2600 1174 2756 1217 intacti

384 1257 578 1295 exstant.
637 1248 709 1292 Ad
728 1248 870 1292 Anab.
902 1246 952 1297 6,
987 1245 1033 1297 2,
1069 1246 1109 1290 6.
1169 1247 1430 1292 Dindorfius
1460 1249 1680 1307 Hippocr.
1712 1249 1816 1300 750,
1849 1248 1893 1300 d,
1923 1249 1981 1292 ad
2010 1250 2172 1307 Cyrop.
2202 1250 2241 1300 2,
2271 1250 2311 1300 3,
2344 1250 2409 1293 18.
2441 1250 2618 1294 confert
2642 1250 2755 1294 Plat.

381 1329 492 1374 Min.
508 1328 606 1378 320,
628 1341 667 1370 a.
706 1326 869 1370 Mirum
890 1331 960 1369 est
980 1331 1127 1368 autem
1148 1325 1275 1383 quod
1297 1327 1549 1371 etiamnunc
1571 1327 1842 1385 grammatici
1864 1328 2010 1371 nostri
2030 1326 2136 1370 ἔστιν
2160 1343 2197 1370 οι
2183 1328 2496 1373 'usitatiorem
2516 1328 2754 1373 formulam

385 1405 640 1464 perhibent.
680 1403 785 1448 Vid.
806 1403 945 1446 Haas.
965 1403 1132 1460 Reisig.
1146 1403 1299 1446 schol.
1322 1418 1386 1460 gr.
1408 1404 1505 1447 605.
1545 1403 1740 1447 Lucubr.
1762 1403 1972 1505 Thucyd
1994 1404 2033 1447 7.
2057 1419 2158 1462 sqq.

504 1484 571 1532 15,
594 1483 632 1525 1.
655 1481 952 1534 ἐπιδειξάμενοι
970 1479 1023 1523 Ρ.

501 1560 568 1610 16,
604 1559 644 1602 6.
676 1558 735 1601 ad
764 1572 923 1600 vocem
953 1557 1173 1612 ὁμωνύμωι
1202 1571 1356 1614 margo
1376 1557 1427 1602 P.
1458 1558 1642 1602 verba²'
1615 1574 1681 1614 ηγ.
1704 1557 1921 1613 Εενοφῶντι
1944 1562 2000 1601 τῶ
2021 1558 2185 1613 γρύλου,
2217 1563 2274 1602 τῶ
2298 1562 2524 1616 συγγραφεῖ
2541 1574 2568 1602 a
2588 1561 2755 1602 seriore

384 1653 519 1682 manu
540 1636 769 1692 adscripta
788 1634 940 1678 habet.

502 1715 568 1765 18,
592 1715 629 1757 1.
652 1712 780 1768 ὄνομα
802 1711 869 1763 αὖ,
894 1714 1014 1754 τοῦτο
1035 1710 1085 1753 Ρ.
1124 1710 1195 1754 Ita
1215 1710 1283 1754 20.
1305 1716 1416 1755 extr.
1438 1711 1506 1764 αὖ,
1531 1711 1578 1753 σὺ
1599 1711 1659 1755 id.

499 1791 552 1834 21
567 1824 578 1841 ,
616 1792 653 1834 1.
686 1790 797 1836 ὅπως
819 1790 866 1832 ἄν
887 1805 961 1830 τωι
980 1804 1046 1844 πρ.
1066 1788 1116 1832 Ρ.
1151 1813 1209 1820 -
1243 1788 1319 1839 21,
1341 1789 1380 1832 2.
1402 1790 1519 1832 inter
1539 1789 1663 1845 ἄρκυς
1686 1794 1730 1832 et
1751 1788 1981 1844 Ξενοφῶντι
2003 1789 2169 1832 vocula
2199 1795 2268 1833 est
2287 1796 2377 1832 tam
2398 1788 2673 1837 decolorata,
2708 1793 2759 1830 ut

384 1876 505 1915 recte
539 1869 630 1926 legi
664 1882 759 1910 non
794 1866 953 1924 possit.
1016 1866 1123 1909 Non
1158 1872 1227 1909 est
1261 1866 1333 1921 τῷ,
1371 1867 1557 1910 similior
1591 1876 1660 1910 est
1695 1866 1885 1910 articulo
1921 1867 1983 1912 τὰ.
2043 1869 2112 1910 An
2141 1866 2227 1910 fuit
2246 1863 2387 1922 τίαροίΡ
2417 1865 2645 1910 Articulus
2667 1878 2760 1908 non

385 1948 567 1991 additus
588 1951 659 1988 est
679 1945 749 1993 30,
771 1944 811 1987 2.
853 1943 946 1986 Sed
965 1959 1007 1986 v,
1028 1944 1246 1987 Hercher.
1268 1944 1436 1987 Philol.
1462 1945 1584 1987 1852.
1606 1944 1703 1987 459.

500 2024 570 2066 24.
601 2023 650 2064 in
679 2021 886 2066 lemmate
915 2035 1001 2064 scr.
1032 2022 1082 2062 τὰ
1113 2037 1203 2076 μεγ.
1235 2021 1328 2076 ὓηρ.
1360 2037 1458 2064 cum
1488 2022 1539 2065 P.
1596 2021 1749 2065 Locus
1780 2021 1940 2078 capitis
1969 2020 2098 2063 initio
2120 2034 2277 2077 parum
2296 2019 2467 2077 liquide
2489 2019 2685 2076 scriptus
2714 2017 2762 2061 in

387 2102 559 2146 codice.
619 2099 814 2141 Videtur
842 2102 921 2140 τῶν
952 2104 1060 2155 post
1088 2098 1217 2140 ἵππων
1249 2114 1362 2149 esse,
1398 2106 1557 2156 estque
1578 2101 1706 2142 ἵππων
1738 2114 1763 2141 a
1785 2099 2036 2142 recentiore
2055 2113 2190 2141 manu
2209 2097 2467 2141 interlitum.
2527 2096 2702 2140 Deinde
2724 2097 2761 2138 οἱ

385 2181 499 2223 ἵπποι
518 2178 658 2221 habet
679 2177 728 2220 C.
749 2176 971 2219 Miillerus
992 2176 1097 2218 edit.
1118 2176 1286 2227 Didot.,
1310 2179 1454 2220 suasit
1473 2178 1699 2234 Hauptius
1720 2177 1750 2220 1.
1773 2193 1823 2224 c..
1845 2178 2016 2234 recepit
2036 2177 2167 2220 etiam
2185 2175 2457 2220 Hercherus.

501 2257 570 2307 25,
595 2258 631 2300 1.
652 2257 806 2311 ἡλικίαι
824 2255 875 2298 Ρ.

501 2334 571 2378 28.
602 2334 649 2375 in
669 2333 876 2375 lemmate
907 2330 1007 2386 μῖξιν
1028 2331 1078 2376 Ρ.
1137 2331 1360 2374 Dubitant
1389 2331 1445 2373 de
1467 2337 1666 2373 accentu.
1718 2331 1808 2385 Qui
1827 2346 2060 2374 censuram
2081 2331 2188 2375 fecit
2208 2331 2263 2375 de
2283 2330 2500 2374 Lobeckii
2519 2329 2761 2387 Paralipp„

387 2427 504 2472 quae
524 2413 571 2455 in
593 2410 888 2454 annotatione
910 2411 1266 2461 commemoravi,
1304 2410 1351 2451 in
1371 2409 1492 2452 Diar.
1516 2408 1662 2451 Berol.
1688 2409 1809 2452 1838.
1831 2409 1885 2451 ΙΙ.
1908 2409 2004 2460 359,
2027 2410 2133 2465 μῖξαι
2154 2409 2311 2460 voluit,
2333 2409 2368 2451 F
2370 2424 2404 2451 r.
2425 2408 2682 2452 Ellendtius
2702 2409 2762 2451 ib.

387 2491 485 2534 699.
507 2504 600 2532 non
621 2488 845 2546 probavit,
869 2487 996 2545 quod
1018 2487 1071 2530 G.
1094 2487 1356 2531 Dindorfius
1378 2488 1544 2545 aliique
1565 2487 1707 2544 Soph.
1731 2487 1847 2531 Phil.
1873 2488 1967 2531 106.
1988 2489 2199 2545 προςμῖξαι
2221 2489 2510 2546 scripserunt.

505 2567 575 2618 31,
596 2567 636 2609 3.
659 2566 840 2616 ἀνυτέον,
861 2573 914 2607 ut
934 2565 1124 2615 videtur,
1146 2566 1195 2608 P.

506 2644 575 2686 33.
595 2643 643 2685 in
663 2642 798 2685 titulo
820 2656 905 2685 scr.
928 2641 1027 2698 Περὶ
1049 2646 1121 2684 τοῦ
1143 2642 1192 2687 K.
1218 2658 1317 2686 cum
1338 2643 1388 2686 P.

506 2720 575 2763 34.
596 2719 636 2762 2.
658 2719 790 2763 scrib.
812 2720 924 2767 ὅσοις
944 2735 1008 2775 γε,
1036 2727 1088 2764 ut
1108 2721 1289 2777 scripsit
1310 2719 1624 2769 C.Muellerus‚
1647 2718 1789 2761 suasit
1808 2717 2049 2775 HauptiuS,
2070 2720 2240 2777 recepit
2259 2719 2532 2763 Hercherus,
2553 2741 2611 2750 —
2631 2717 2700 2768 34,
2721 2715 2762 2759 2.

385 2796 574 2853 νηρηΐοιν
593 2795 645 2839 Ρ.
