2890 3595
1335 36 1388 80 19

182 189 302 221 nunc
323 174 483 231 ἑστήξει
504 173 700 231 scripsit.
758 170 927 213 Eadem
948 185 1055 214 vero
1076 173 1312 231 utriusque
1332 173 1424 216 loci
1443 173 1558 215 ratio
1581 179 1662 214 est.
1723 171 1825 213 Vid.
1846 171 1882 212 F
1884 172 2102 215 rotscher.
2133 175 2356 232 Anonymi
2375 189 2441 233 gr.
2461 175 2538 217 Or.

175 253 272 297 fun.
293 237 490 309 Friberg.
515 251 637 294 1855.
658 265 702 307 p.
725 249 793 292 70.
852 248 1008 291 Futuri
1029 256 1172 293 autem
1195 251 1348 304 διώξω,
1382 251 1437 293 de
1459 265 1550 309 quo
1571 249 1703 292 locus
1728 249 1799 299 12,
1821 250 1860 291 4.
1889 264 1958 291 me
1986 250 2218 302 admonet,
2247 266 2391 310 aeque
2411 247 2541 295 salva

176 329 445 375 existimatio
467 333 537 371 est
557 334 693 386 atque
713 327 884 370 mediae
903 326 1085 371 formae.
1142 327 1390 387 Utrumque
1411 334 1481 371 est
1500 327 1623 385 apud
1640 326 2006 384 Xenophontem.
2369 324 2372 327 ’

292 407 359 463 ll,
383 406 420 450 1.
453 405 584 449 scrib.
611 404 756 461 Πίνδῳ.
816 402 1029 447 Extremo
1058 406 1203 463 capite
1230 406 1516 449 memorabile
1543 404 1794 461 exemplum
1825 412 1895 448 est
1920 406 2048 449 verbi
2070 421 2169 449 cum
2191 413 2352 448 neutro
2372 407 2545 464 plurali-

177 484 337 540 (θηρία)
367 482 626 541 compositi,
655 482 844 539 primum
874 482 1050 540 quidem
1079 482 1242 540 plurali
1270 482 1563 540 (περιθέουσι),
1594 481 1755 524 deinde
1784 496 1893 525 vero
1923 482 2140 542 singulari
2167 497 2354 526 numero
2381 485 2536 541 posito

175 562 364 619 (εὑρίσκῃ
378 594 388 612 ,
419 561 649 618 ὑπερπηδᾷ,
674 560 912 613 ἁλίσκεται).
971 559 1106 615 Quod
1127 560 1376 606 cavendum
1399 566 1468 604 est
1488 574 1544 603 ne
1564 560 1789 604 sententia
1808 560 2031 605 Dindorfii
2051 561 2198 606 Praef.
2218 563 2363 606 Anab.
2387 561 2537 608 Oxou.

174 640 295 684 XIII.
316 653 473 695 parum
495 638 724 681 intellecta
744 638 976 681 credamus
995 639 1212 683 librorum
1231 639 1560 682 inconstantiae
1581 639 1746 682 deberi.
1806 638 1999 683 Pluralis
2021 641 2147 683 verbi
2168 646 2391 684 consueto
2412 635 2536 684 more

174 718 384 761 maiorem
405 730 634 759 numerum
654 715 834 767 indicat,
857 716 1095 774 singularis
1117 716 1173 760 de
1195 715 1384 774 singulis
1403 716 1561 760 bestiis
1582 715 1779 774 cogitare
1799 730 1886 758 nos
1906 715 2043 769 iubet,
2065 731 2181 775 quae
2197 717 2325 776 quod
2339 718 2538 776 scriptor

175 801 337 843 narrat,
353 793 501 837 facere
521 798 565 835 et
580 793 675 850 pati
692 793 912 838 dicuntur.
945 796 1205 854 Diligenter,
1221 801 1272 837 ut
1288 793 1418 844 solet,
1435 793 1489 836 de
1505 809 1552 837 re
1570 795 1750 836 omnino
1767 792 2016 850 disputavit
2027 795 2277 840 Heilandus
2295 795 2480 850 Quaest.
2491 797 2533 840 4.

1222 1013 1488 1021 —-—

285 1168 519 1225 Postremo
550 1196 682 1240 quem
713 1184 757 1223 in
786 1182 977 1238 repetita
997 1181 1261 1224 Schneideri
1291 1182 1486 1224 editione
1516 1180 1850 1238 Opusculorum
1880 1196 1979 1222 cum
2007 1180 2342 1239 Xenophonteo
2373 1185 2533 1226 iterum

172 1261 290 1302 edidi
309 1261 596 1318 Cyneyeticum
615 1262 890 1312 Arrianeum,
915 1261 1108 1302 breviter
1126 1260 1200 1302 hic
1215 1262 1278 1302 ita
1292 1261 1595 1316 perlustrabo,
1616 1266 1668 1302 ut
1686 1261 1905 1317 quasdam
1921 1261 2117 1302 virorum
2133 1262 2368 1303 doctorum
2385 1277 2532 1305 emen-

173 1338 378 1381 dationes
407 1338 566 1381 addam
596 1344 640 1380 et
659 1338 908 1380 Palati-num
932 1338 1152 1388 codicem,
1181 1338 1228 1379 in
1248 1337 1619 1398 Heidelbergensi
1640 1337 1916 1380 bibliotheca
1937 1352 2122 1380 numero
2145 1337 2229 1381 398
2256 1339 2529 1396 insignitum,

173 1431 303 1474 quem
329 1431 412 1472 ego
433 1423 543 1473 post
561 1430 701 1458 meam
722 1415 959 1458 editionem
973 1449 983 1463 ,
1012 1416 1093 1459 sed
1113 1421 1217 1458 ante
1237 1415 1354 1458 Rud.
1375 1415 1653 1458 Hercberum
1674 1415 1865 1464 contuli,
1896 1415 2164 1471 scriptorum
2183 1416 2361 1459 Arriani
2389 1419 2531 1461 mino-

170 1507 266 1536 rum
288 1493 501 1537 editorem
518 1493 917 1550 diligentissimum‚
939 1492 1087 1535 denuo
1107 1494 1353 1550 inspiciam,
1374 1507 1480 1535 num
1500 1492 1610 1550 quid
1630 1493 1882 1535 etiamnunc
1903 1492 2055 1534 auxilii
2077 1493 2149 1535 vel
2165 1493 2454 1538 additamenti
2473 1498 2532 1539 sit

171 1570 403 1614 allaturus.
442 1571 660 1614 Hercheri
681 1569 859 1628 quidem
882 1569 1115 1628 diligentia
1132 1577 1176 1613 et
1190 1571 1237 1613 in
1253 1570 1703 1613 commentationibus
1719 1569 1881 1611 Philol.
1897 1569 2018 1612 1852.
2036 1584 2079 1626 p.
2090 1571 2186 1614 278.
2199 1585 2299 1629 sqq.
2321 1573 2418 1615 448.
2429 1588 2527 1631 sqq.

172 1654 216 1692 et
242 1649 288 1692 in
318 1648 513 1692 editione
542 1662 625 1692 sua
643 1661 872 1705 perpauca
897 1647 1074 1705 reliqua
1098 1647 1227 1700 fecit,
1258 1655 1310 1691 ut
1337 1648 1492 1706 potius
1522 1647 1578 1690 ab
1609 1647 1688 1689 illo
1719 1662 1816 1690 mea
1846 1647 1984 1690 editio
2016 1662 2150 1706 quam
2180 1650 2325 1707 ipsius
2356 1666 2413 1694 ex
2442 1652 2542 1695 hacv

171 1726 541 1770 annotatiuncula
569 1726 847 1784 aliquantum
877 1725 990 1768 lucri
1019 1733 1218 1784 repetere
1248 1740 1386 1784 posse
1416 1726 1632 1769 videatur.
1709 1725 1836 1779 Quae
1866 1711 1974 1768 vero
2005 1740 2029 1768 e
2058 1726 2265 1770 Palatino
2297 1730 2455 1773 codice
2486 1737 2532 1774 et

168 1804 387 1848 Hercberi
408 1804 699 1848 annotatione
720 1802 778 1845 ad
798 1802 1092 1860 supplendam
1113 1809 1159 1847 et
1178 1803 1485 1862 corrigendam
1506 1818 1645 1846 meam
1666 1803 1904 1845 editionem
1926 1804 2163 1859 pertinent,
2185 1819 2237 1847 ea
2259 1821 2530 1866 quamquam

169 1884 215 1926 in
236 1888 448 1940 promptu
469 1888 586 1933 sunt,
621 1881 695 1925 hic
724 1897 817 1925 non
848 1881 999 1939 placet
1016 1880 1212 1925 indicare
1234 1882 1394 1926 omnia.
1451 1881 1536 1925 Est
1554 1881 1629 1924 ille
1651 1881 1797 1924 codex
1818 1880 2000 1924 chartae
2021 1896 2327 1941 pergamenae,
2361 1886 2532 1930 formae

172 1960 481 2019 quaternariae
502 1960 727 2011 maximae,
743 1959 865 2002 foliis
888 1958 1069 2009 17-30,
1089 1972 1127 2001 a.
1183 1958 1503 2018 Cynegeticum
1523 1959 1772 2008 continens,
1810 1959 1918 2001 satis
1940 1959 2080 2002 nitide
2101 1962 2310 2018 scriptus,
2347 1965 2431 2006 nisi
2454 1965 2531 2006 ubi

172 2037 336 2096 polluti
357 2037 537 2095 quidam
559 2037 896 2095 decoloratique
915 2036 1006 2078 loci
1026 2041 1144 2086 sunt,
1181 2052 1202 2076 υ
1234 2050 1316 2093 pro
1349 2037 1372 2094 β
1394 2037 1562 2088 scribit,
1595 2052 1613 2076 ν
1636 2037 1699 2091 ἐφ.
1720 2036 1889 2094 ubique
1910 2036 2106 2087 exhibet,
2142 2039 2275 2081 etiam
2305 2040 2351 2082 in
2381 2056 2529 2091 versu,

112 2150 115 2151 ν
171 2116 248 2173 qui
268 2121 337 2158 est
356 2116 403 2157 in
422 2115 568 2171 capite
588 2116 759 2165 ultimo,
788 2121 840 2157 ut
860 2114 938 2171 qui
956 2114 1087 2156 locus
1106 2114 1200 2156 illic
1221 2115 1369 2157 statim
1391 2116 1596 2172 sequitur
1615 2116 1729 2156 ναυσὶ
1750 2114 2004 2164 scribendo,
2040 2123 2269 2172 praeterea
2288 2117 2378 2160 loci
2403 2120 2468 2169 14,
2493 2120 2530 2162 1.

169 2194 274 2242 κυσὶ,
299 2193 344 2234 in
368 2194 603 2249 proposito
624 2194 770 2236 indice
792 2210 828 2236 c.
853 2193 917 2235 19.
941 2199 985 2235 et
1004 2192 1072 2235 21.
1093 2192 1253 2247 θηρῶσι
1274 2193 1583 2248 exceptionem
1605 2191 1813 2235 efficiant.

283 2270 424 2314 Index
454 2285 641 2328 graecus
680 2278 749 2314 est
785 2274 856 2312 τοῦ
888 2272 1147 2327 κυνηγετικοῦ
1177 2271 1384 2324 κεφάλαια
1416 2270 1553 2312 erasis
1584 2276 1693 2327 post
1724 2270 1957 2313 articulum
1989 2269 2139 2312 verbis
2170 2269 2357 2328 aliquot.
2413 2272 2529 2316 Post

170 2358 374 2407 quartum
407 2348 623 2391 decimum
654 2350 865 2405 scriptum
897 2354 966 2391 est
997 2354 1134 2404 caput
1162 2347 1555 2392 undevicesimum.
1587 2349 1654 2400 32,
1691 2350 1729 2392 2.
1764 2365 1786 2392 a
1820 2349 1968 2392 verbis
1999 2349 2104 2390 ἀλλὰ
2136 2350 2214 2405 χρὴ
2247 2349 2360 2391 θύειν
2383 2350 2528 2393 codex

168 2441 334 2469 novum
375 2432 510 2482 caput
548 2427 707 2482 incipit
745 2426 831 2468 hac
862 2425 1174 2481 inscriptione:
1216 2424 1274 2465 ὅτι
1315 2427 1380 2467 δεῖ
1417 2427 1510 2473 τοὺς
1550 2428 1773 2481 κυνηγέτας
1817 2426 1925 2468 θύειν
1965 2425 2021 2481 τῇ
2051 2427 2249 2481 ἀρτέμιδι,
2281 2434 2331 2470 ut
2361 2427 2529 2473 habeat

169 2505 314 2561 capita
336 2504 403 2546 36.
619 2555 621 2557 ¹
1460 2552 1462 2555 v

282 2582 387 2638 Cap.
415 2582 449 2623 l.
470 2582 516 2623 in
538 2580 827 2636 inscriptione
849 2580 993 2622 codex
1013 2579 1243 2623 Palatinus
1266 2581 1310 2623 in
1331 2581 1527 2639 margine
1550 2582 1569 2622 ὁ
1593 2581 1770 2635 Ξενοφῶν
1794 2580 1912 2626 οὗτος
1944 2595 1967 2622 e
1989 2594 2101 2621 corr.
2125 2579 2275 2622 habet.
2339 2582 2403 2625 14.
2428 2583 2534 2639 ἔριδί

167 2674 224 2713 τῳ
243 2658 413 2715 Haupt.
446 2656 609 2700 Philol.
635 2656 755 2699 1846.
778 2657 874 2699 614.

280 2735 320 2785 2,
343 2735 382 2778 3.
404 2733 540 2788 Quod
560 2734 645 2776 iam
669 2734 770 2776 olim
792 2733 927 2776 malui
949 2734 1097 2779 ταύτας
1120 2735 1181 2786 δὲ,
1202 2732 1341 2775 habet
1360 2733 1604 2781 Palatinus,
1626 2733 1795 2788 recepit
1814 2733 2086 2775 Hercberus.
2143 2733 2269 2776 Idem
2291 2733 2531 2778 dicendum

167 2811 223 2855 de
245 2813 466 2869 scriptura
490 2812 622 2868 Κᾶρες
645 2813 681 2869 ἓ.
704 2812 742 2854 5.
788 2811 1040 2869 Utrobique
1061 2810 1291 2868 vulgatum
1312 2811 1494 2854 retinuit
1514 2811 1714 2853 Parisina
1737 2810 1885 2853 editio.
1933 2810 2070 2853 Liber
2088 2810 2138 2853 P.
2160 2815 2308 2867 κρῆτες
2322 2828 2331 2838 ·
2351 2813 2543 2869 θηρῶσιν·

167 2890 212 2930 δὲ
234 2891 302 2931 καὶ
323 2892 475 2932 ushal.
2408 2918 2411 2920 -

281 2962 328 3015 3,
342 2966 382 3009 6.
404 2968 585 3024 scripsit
603 2966 859 3009 Hercberus
882 2966 1010 3010 ὀξέος.
1070 2964 1119 3006 Ρ.
1143 2964 1278 3009 ὀξέως.
1341 2963 1444 3006 Vid.
1469 2978 1567 3005 ann.
1591 2964 1648 3005 ad
1670 2965 1737 3012 24,
1760 2965 1799 3006 4.
1822 2963 1935 3006 Lob.
1957 2964 2063 3007 Phr.
2086 2965 2181 3007 348.
2241 2965 2410 3021 Haupt.
2441 2966 2469 3007 l.
2492 2982 2530 3008 c.

167 3044 245 3085 ἄπο
271 3044 324 3098 (Ρ)
347 3048 417 3085 τοῦ
439 3044 567 3090 ὀξέος.
2241 3107 2260 3127 *

2217 3110 2239 3144 3
