2890 3595
1356 125 1408 167 13

200 261 265 302 15.
287 260 373 301 Hic
403 259 533 300 locus
555 257 944 299 emendationibus
963 257 1234 299 Batavorum
1264 257 1439 313 egregie
1461 261 1652 297 vexatus
1675 263 1755 298 est.
1815 257 1866 298 R.
1888 256 1938 299 B.
1961 256 2178 314 Hirschig
2197 257 2386 300 Miscell.
2407 258 2567 314 philol.

196 351 300 380 nov.
331 351 415 380 ser.
445 336 555 379 fasc.
580 336 616 378 1.
645 334 764 378 1850.
793 335 1076 377 scribendum
1098 335 1275 393 putavit
1294 333 1487 392 βαυιλεῦς
1509 349 1594 377 om.
1617 335 1637 376 ὁ
1665 359 1721 365 -
1751 337 1935 391 πρώτους
1969 359 2020 366 --
2053 335 2094 376 ἐν
2114 335 2286 391 πολέμῳ
2311 360 2369 367 —-
2396 337 2568 391 λέγοντα

196 417 256 457 ὅτι
285 440 341 446 -—
368 415 586 469 δευτέρους
623 438 678 444 —
714 411 989 468 ἐργασάμενοι.
1049 413 1151 456 Ηοο
1183 426 1292 456 vero
1315 418 1385 455 est
1403 426 1570 455 novum
1593 412 1769 455 efficere
1793 411 2159 470 Xenophontem.
2217 413 2322 457 Vid.
2344 415 2396 458 R.
2414 414 2566 459 Klotz.

195 495 309 537 Ann.
330 493 452 551 Lips.
478 491 600 535 1851.
660 505 700 548 p.
722 489 791 533 69.
814 505 914 548 sqq.
976 490 1175 535 Cobetus
1196 491 1289 534 Mn.
1310 490 1399 533 VII
1413 523 1423 540 ,
1454 490 1522 534 87.
1545 497 1591 534 et
1609 491 1706 549 ipse
1728 492 1768 533 ἐν
1790 491 1961 549 πολέμῳ
1983 491 2153 543 scribit,
2174 492 2345 546 λέγοντα
2368 494 2568 550 spurium

195 573 344 615 habet.
403 571 475 613 Ex
503 570 668 629 quibus
697 568 905 612 omnibus
941 571 1147 628 equidem
1185 571 1421 615 articulum
1459 571 1673 613 omissum
1708 570 1897 614 tulerim.
1957 571 2084 614 Bello
2116 571 2225 614 boni
2262 571 2396 615 etiam
2430 572 2568 616 latine

195 651 416 693 dicuntur.
439 673 494 679 —
518 647 583 690 19.
605 648 707 702 πλήν
728 663 774 701 γε
791 647 975 703 Ἀριαίου
996 649 1045 692 A.
1067 650 1170 705 πλὴν
1186 648 1373 705 Ἀριαίου
1397 649 1444 692 C.
1464 648 1520 691 D.
1549 674 1604 679 —
1632 649 1700 690 24.
1722 649 1876 691 Lectio
1897 650 1924 704 ἢ
1946 650 2011 690 ἀεὶ
2032 651 2075 691 ἕν
2096 650 2143 704 γέ
2165 666 2201 691 τι
2222 650 2566 705 φιλοτιμούμενος

195 736 239 770 et
259 741 384 769 suam
413 740 441 768 a
460 724 694 768 codicibus
715 725 1144 769 commendationem
1165 727 1539 786 probabilemque
1561 727 1825 771 sententiam
1845 726 1984 769 habet
2012 733 2057 769 et
2076 727 2273 783 probata
2289 734 2360 770 est
2379 727 2566 778 Baebio,

193 805 392 854 Kerstio,
413 802 663 852 Dindorfio,
683 802 950 853 Hertleinio‚
970 803 1176 846 Mehlero
1200 804 1341 848 Conv.
1364 806 1439 856 77,
1472 806 1644 849 Cobeto
1666 805 1759 847 Mn.
1780 803 1891 854 VII,
1921 804 1989 847 90.
2049 794 2299 847 Conferant
2318 820 2455 862 quum
2478 805 2568 848 alia.

192 891 285 926 tum
307 880 536 939 Aristoph.
557 879 675 923 Plut.
697 881 803 924 413:
830 879 898 935 Μή
919 896 984 921 νυν
1006 881 1187 938 διάτριβ’,
1220 883 1303 923 ἀλλ’
1328 884 1447 925 ἅνυτε
1468 886 1649 940 πράττων
1671 883 1713 923 ἓν
1734 881 1780 935 γέ
1803 897 1852 921 τι.
1897 881 2051 923 Verba.
2070 882 2190 939 apud
2210 883 2565 939 Xenophontem

196 959 387 1003 delenda
409 959 583 1001 censuit
604 972 765 1001 censor
785 957 1159 1002 Schneiderianae
1181 960 1392 1002 editionis
1411 961 1660 1017 Lipsiensis
1682 959 1824 1010 (1805.
1847 959 2006 1012 2381.).

1282 1166 1395 1216 Oec-
1421 1162 1469 1215 V.

305 1276 345 1317 8.
368 1276 515 1315 πλείων
537 1274 661 1328 τέχνη
683 1273 730 1313 A.
754 1281 840 1314 αντῐ
861 1289 895 1315 s.
918 1274 946 1315 1.
967 1276 1018 1316 A.
1041 1274 1165 1330 τέχνη
1189 1282 1291 1317 ante
1312 1275 1531 1317 Cobetum
1553 1275 1673 1332 apud
1693 1274 1880 1317 Mehler.
1911 1273 2051 1315 conv.
2073 1273 2141 1316 48.
2162 1274 2247 1315 iam
2268 1273 2560 1316 Heindorfius

192 1354 329 1396 deleri
351 1351 508 1394 voluit.
537 1375 591 1380 —
624 1350 689 1392 12.
710 1349 850 1392 habet
870 1351 1049 1407 quidem
1069 1352 1120 1394 A.
1142 1351 1312 1401 θέουσα,
1336 1352 1415 1395 sed
1436 1367 1535 1395 cum
1558 1352 1688 1409 signo
1710 1350 2004 1394 correctionis
2025 1350 2070 1392 in
2092 1351 2304 1408 margine,
2340 1358 2392 1394 ut
2410 1357 2561 1394 tamen

190 1431 329 1488 magis
356 1430 562 1471 videatur
586 1427 768 1468 θέλουσα
798 1443 929 1484 quam
959 1429 1056 1475 θεὸς
1086 1428 1189 1473 οὖσα
1219 1431 1361 1487 (quod
1391 1432 1520 1474 etiam
1542 1430 1714 1473 Cobeto
1742 1429 1799 1471 V.
1828 1428 1878 1471 L.
1906 1429 1954 1478 9,
1990 1427 2083 1471 Mn.
2117 1426 2183 1478 II,
2217 1428 2286 1471 39.
2344 1427 2454 1485 VII,
2490 1430 2558 1474 91.

190 1508 353 1564 placet)
375 1507 512 1548 scribi
535 1505 748 1548 voluisse.
773 1529 825 1536 —-
849 1506 915 1547 13.
936 1510 1015 1546 τῶν
1036 1506 1289 1548 κολουόντων
1311 1507 1468 1562 maluit
1488 1506 1792 1549 Heindorfius.
1825 1528 1876 1534 —
1914 1504 1977 1545 15.
1999 1504 2222 1558 προθύμως
2243 1505 2298 1546 A.
2321 1507 2559 1561 προθύμους

190 1587 236 1629 C.
276 1585 459 1628 Lacuna
479 1583 609 1627 etiam
628 1582 676 1624 in
697 1581 751 1624 D.
774 1588 855 1625 est.
895 1581 963 1624 Ab
984 1581 1112 1626 initio
1133 1580 1211 1626 Τὸν
1233 1585 1306 1639 μὲν
1329 1583 1397 1626 οὖν
1417 1584 1590 1628 mavult
1608 1582 1925 1628 Schneiderus.

1269 1787 1382 1838 θέο.
1406 1782 1476 1837 vl.

304 1899 336 1940 l.
359 1897 385 1939 ἃ
407 1897 602 1941 ἀπέλιπες
633 1895 762 1938 etiam
791 1894 837 1938 C.
861 1897 1075 1941 ποιοῦντας
1095 1894 1151 1937 D.
1187 1919 1241 1926 —
1279 1895 1318 1938 5.
1339 1896 1595 1951 καλουμένας
1625 1895 1673 1939 C.
1694 1895 1834 1938 habet
1860 1896 1905 1936 in
1934 1894 2144 1952 margine.
2182 1918 2235 1924 —
2273 1892 2311 1935 7.
2335 1893 2464 1939 οὕτως
2485 1893 2560 1950 γὰρ

182 1977 233 2018 A.
256 1975 309 2018 C.
333 1975 461 2020 οὕτως
485 1975 556 2028 μὲν
576 1973 652 2029 γὰρ
673 1973 729 2016 D.
752 1972 850 2028 ὅπερ
875 1971 921 2015 C.
943 1971 998 2015 D.
1027 1997 1082 2004 —
1114 1973 1180 2016 11.
1203 1973 1380 2029 ἑκάτερα
1402 1971 1449 2014 ἂν
1472 1973 1635 2015 ἀκούειν
1655 1972 1946 2016 Heindorfius
1969 1978 2013 2015 et
2032 1970 2281 2015 Heilandus
2302 1970 2556 2020 voluerunt,

185 2052 230 2095 ἂν
252 2053 313 2094 ἑκ.
354 2050 554 2095 Cobetus
583 2049 682 2094 Mn.
703 2049 810 2102 VII,
841 2049 908 2094 93.
970 2048 1037 2094 Cf.
1062 2050 1136 2101 16,
1165 2050 1205 2095 9.
1236 2051 1366 2094 ἐκεῖνό
1395 2066 1465 2107 μοι
1493 2051 1604 2094 δοκῶ
1631 2055 1789 2107 πρῶτον
1812 2050 1858 2093 ἂν
1881 2050 2014 2106 ἡδέως
2037 2049 2266 2105 μανθάνειν.
2319 2049 2420 2107 Cyr.
2441 2048 2487 2099 8,
2510 2049 2560 2100 7,

181 2132 249 2174 25.
289 2130 412 2174 Fons
432 2130 643 2174 dictionis
664 2134 734 2172 est
754 2128 890 2182 ἡδέως
913 2127 961 2169 ἄν
984 2128 1191 2183 ἀκούοιμι,
1212 2145 1254 2171 v.
1276 2129 1316 2179 7,
1337 2129 1377 2172 9.
1403 2129 1469 2180 11,
1494 2129 1558 2172 13.

1249 2334 1362 2384 Oec.
1386 2328 1476 2383 vll.

148 2474 150 2476 -
292 2443 330 2485 2.
353 2444 448 2498 πρὸς
473 2444 537 2484 τὸν
558 2443 653 2484 θεὸν
675 2442 722 2485 C.
744 2442 798 2483 D.
860 2443 999 2482 Antea
1026 2440 1151 2497 quod
1174 2440 1373 2483 Cobetus
1394 2441 1486 2484 Mn.
1509 2441 1615 2492 VII,
1652 2441 1719 2484 93.
1750 2443 1794 2495 γε’
1818 2441 1978 2490 omisit,
1999 2438 2261 2482 Dindorfius
2283 2436 2392 2481 Οὐδὲ
2415 2440 2462 2481 ἂν
2484 2443 2553 2482 νῦν

174 2538 221 2576 γε
251 2520 446 2577 scripsit,
483 2535 524 2563 v,
546 2519 695 2564 Klotz.
719 2519 880 2563 Devar.
903 2523 1018 2574 part.
1050 2532 1113 2576 gr.
1141 2517 1198 2562 II.
1229 2520 1265 2562 1.
1295 2519 1391 2562 336.
1430 2544 1480 2551 ·-
1518 2520 1556 2562 3.
1587 2520 1650 2561 ἐπὶ
1679 2521 1722 2561 τὸ
1752 2520 1798 2563 C.
1830 2519 1882 2562 D.
1913 2518 2140 2575 κατατρίβω
2169 2517 2218 2561 C.
2254 2516 2309 2560 D.
2339 2516 2464 2575 Lips.
2495 2543 2550 2549 —

175 2599 215 2642 8.
242 2599 425 2642 Praeter
454 2613 517 2649 ea,
551 2613 667 2656 quae
696 2595 1070 2640 Breitenbachius
1102 2596 1314 2646 contulit,
1352 2597 1440 2640 alia
1468 2612 1493 2640 a
1521 2598 1628 2640 viris
1659 2597 1808 2640 doctis
1839 2597 1895 2640 ad
1925 2595 2174 2639 sanandum
2201 2595 2353 2638 locum
2390 2610 2549 2639 sanum

176 2676 312 2720 allata
333 2682 450 2719 sunt.
483 2675 615 2717 πολλὰ
636 2677 710 2731 μὲν
733 2673 938 2731 εὐχομένη
961 2673 1058 2728 πρὸς
1081 2673 1173 2720 τοὺς
1199 2673 1338 2726 θεούς,
1377 2675 1510 2716 πολλὰ
1532 2676 1577 2716 δὲ
1602 2675 1902 2730 ὑπισχνουμένη
1925 2673 2164 2717 Heindorf.
2187 2673 2309 2731 apud
2330 2672 2545 2718 Schneid.

177 2755 278 2799 Cur.
300 2771 389 2798 sec.
412 2755 615 2809 ἀμελήοοι
636 2753 694 2798 id.
717 2751 965 2808 γενήσέσθαι
982 2751 1221 2810 Bisschop.
1242 2754 1356 2796 Ann.
1380 2754 1494 2796 critt.
1519 2753 1575 2796 ad
1595 2754 1735 2796 Anab.
1759 2753 1825 2796 23.
1850 2755 1922 2809 μὲν
1943 2753 2030 2797 del.
2050 2753 2102 2797 R.
2124 2753 2337 2797 Schneid.
2360 2753 2545 2808 Quaest.

173 2831 288 2876 Xen.
312 2832 381 2875 32.
438 2832 507 2875 De
529 2831 841 2875 emendatione
861 2827 1106 2872 Hermanni
1133 2830 1388 2874 etiamnunc
1417 2831 1689 2874 dissentiunt
1707 2831 1917 2874 Heiland.
1948 2837 1993 2874 et
2013 2831 2327 2875 Breitenbach.
2348 2834 2481 2890 Ages.
2503 2833 2550 2884 5,

176 2911 215 2953 5.
238 2936 293 2942 —
317 2910 384 2954 10.
407 2910 532 2966 αὐτὴν
552 2924 644 2953 non
666 2923 750 2952 om.
772 2910 821 2951 A.
844 2932 899 2939 —-
923 2907 988 2950 ll.
1011 2904 1112 2949 τοῦτ’
1138 2907 1222 2950 ἐστὶ
1241 2908 1292 2951 A.
1314 2907 1377 2959 D,
1405 2908 1480 2952 hic
1500 2923 1607 2951 vero
1630 2909 1674 2951 in
1697 2924 1832 2967 marg.
1858 2925 1913 2953 αι.
1936 2910 2025 2966 περὶ
2045 2909 2148 2965 ἐμοῦ
2170 2909 2223 2952 A.
2245 2909 2308 2950 τίν’
2332 2909 2390 2952 id.
2411 2923 2548 2968 marg.

176 2990 263 3030 τίνα
283 2989 338 3031 D.
368 3014 411 3020 —
439 2989 504 3031 19.
528 2988 575 3031 C.
597 3002 732 3045 marg.
754 3003 814 3042 γρ.
839 2988 961 3032 ζώων.
984 3009 1039 3016 -
1060 2984 1128 3028 20.
1151 2985 1261 3041 ἔχειν
1282 2992 1459 3042 praeter
1479 2987 1534 3030 D.
1558 3001 1640 3028 om.
1659 2988 1705 3030 C.
1733 3013 1783 3019 -
1805 2989 1874 3031 21.
1898 2991 2074 3042 οτεγνῶν
2093 3012 2149 3018 —
2170 2988 2439 3043 παιδοτροφία
2461 3001 2548 3030 om.

173 3064 229 3106 D.
251 3065 293 3106 αἱ
314 3079 399 3108 om.
422 3064 480 3108 id.
511 3089 566 3096 —
594 3063 663 3107 22.
686 3064 785 3120 ἔργα
807 3063 873 3104 καὶ
896 3062 1180 3117 ἐπιμελήματα
1202 3069 1305 3106 ante
1328 3063 1545 3106 Cobetum
1567 3064 1660 3107 Mn.
1684 3064 1788 3114 VII,
1818 3065 1886 3108 95.
1909 3065 2049 3108 deleri
2069 3065 2214 3107 voluit
2236 3064 2469 3107 Heindorf.
2490 3088 2547 3095 —

174 3140 243 3185 23.
266 3143 573 3199 παρεσκεύασεν
593 3143 644 3185 A.
667 3141 714 3185 C.
735 3141 790 3184 D.
812 3165 868 3172 —
889 3139 957 3182 30.
980 3143 1032 3194 τῇ
1050 3140 1122 3195 μὲν
1144 3139 1219 3196 γὰρ
1240 3143 1393 3195 γυναικὶ
1416 3141 1463 3185 C.
1484 3141 1538 3184 D.
1562 3168 1615 3172 —
1637 3142 1705 3186 42.
1729 3143 2020 3198 φυλαὲομένων
2042 3143 2089 3186 C.
2106 3143 2160 3186 D.
2181 3141 2473 3198 φυλαξαμένων
2494 3143 2546 3185 A.
