2890 3595
1287 428 1423 480 nen.
1445 423 1479 487 Ι,
1503 422 1549 476 4.

277 579 281 582 ,
355 534 396 578 3.
420 535 463 577 ἐν
488 533 516 592 ᾖ
543 536 634 592 ἐνῆν
655 536 766 579 κατὰ.
782 537 878 580 τάδε
898 536 948 583 Β.
975 563 1031 569 -
1060 537 1100 583 6.
1123 537 1336 594 μέμψηται
1358 536 1406 580 B.
1428 535 1489 585 D,
1527 533 1608 578 sed
1635 533 1682 577 in
1702 532 1758 576 D.
1779 547 1919 591 supra
1939 534 2155 593 scriptum
2176 549 2298 577 οιντο.
2326 559 2384 569 -
2411 536 2451 581 7.
2473 537 2608 593 ὁμωμ.

233 611 284 654 Β.
314 611 369 655 D.
401 616 488 653 κῖον
516 613 572 655 D.
608 636 664 644 -
699 613 740 658 8.
767 617 1014 670 κεραμεικὸν
1041 615 1093 659 Β.
1122 615 1178 659 D.
1214 639 1270 646 --
1309 615 1375 658 11.
1404 613 1663 667 κατασκοπὴν
1691 611 1742 655 Β.
1771 611 1827 654 D.
1848 612 2019 666 τριήρων
2047 611 2096 654 Β.
2135 611 2225 667 ἔχει
2257 627 2281 655 e
2317 627 2431 659 corr.
2460 614 2516 658 D.
2552 639 2609 646 --

239 689 303 733 12.
327 690 467 739 ἰδίους,
489 690 534 730 in
557 704 716 747 marg:
739 706 801 747 γρ.
823 691 1081 747 ἐπιτηδείους
1103 693 1159 735 D.
1187 717 1242 724 —
1268 692 1334 736 13.
1358 689 1648 746 μοχθηρότερά
1669 704 1713 730 τε
1735 687 1784 732 Β.
1805 686 1859 730 D.
1881 688 2015 731 αὐτῶν
2033 688 2085 731 Β.
2106 688 2160 732 D.
2183 689 2339 731 ἐκείνου
2360 689 2390 732 δ’
2415 692 2480 733 ἀεὶ
2499 691 2605 743 τότε,

233 767 364 807 κοινὸν
386 766 434 808 Β.
456 766 511 811 D.
532 793 586 799 —
613 769 678 811 14.
701 769 987 825 ἀπεστέρησαν
1008 769 1063 812 D.
1093 769 1344 826 Utrumque
1364 768 1547 811 verbum
1568 766 1656 808 hac
1677 765 1901 808 sententia
1921 765 2087 810 dicitur
2105 766 2226 823 apud
2242 766 2607 825 Xenophontem.

233 865 287 873 ——
312 843 377 883 15.
401 844 641 897 θεραπεύων
662 845 718 887 D.
740 844 835 887 καθ’
857 848 917 888 ἐκ.
938 847 1011 901 ἢμ.
1034 847 1090 890 D.
1114 871 1167 878 ——
1191 848 1256 889 16.
1279 846 1398 890 αὐτὸς
1421 845 1491 886 bis
1510 844 1710 899 positum
1731 841 1871 884 habet
1890 842 1945 886 D.
1967 867 2023 874 -·
2044 847 2222 884 τοιοῦτοι
2243 845 2360 886 δοκεῖ
2377 845 2493 896 εἶναι,
2529 846 2607 887 οἷοι

231 933 321 973 περ.
343 919 398 962 D.
439 920 611 963 Locum
633 922 934 966 difficiliorem
953 925 1101 966 minus
1122 923 1313 966 feliciter
1332 937 1493 965 sanare
1514 926 1706 963 conatus
1736 924 1806 961 est
1823 920 1944 963 Aem.
1961 919 2137 965 Miiller.
2165 919 2233 963 De
2253 921 2371 967 Hist.
2392 937 2457 980 gr.
2477 928 2606 979 parte

230 996 382 1050 priore
412 1012 457 1053 p.
487 998 556 1042 64.
587 1005 633 1042 et
661 1000 827 1053 Philol.
861 1001 986 1047 1859.
1019 1002 1113 1046 192.
1142 1016 1210 1058 sq.
1241 1016 1376 1058 quam
1405 999 1744 1056 explicaverunt
1771 997 1969 1040 editores
1995 998 2302 1044 recentissimi.
2358 999 2483 1043 Idem
2510 999 2604 1044 fere

229 1072 523 1118 iudicandum
544 1081 614 1119 est
634 1075 691 1120 de
711 1077 760 1129 6,
781 1079 821 1123 4.
863 1078 1089 1130 Ceterum,
1110 1085 1162 1122 ut
1182 1076 1510 1136 aliquantulum
1533 1075 1732 1125 afferam,
1768 1073 1892 1132 quod
1918 1074 1965 1115 in
1986 1073 2034 1116 B.
2057 1080 2127 1117 est
2146 1079 2230 1121 τοῖς
2253 1075 2282 1117 δ’
2306 1077 2357 1118 αὐ
2376 1081 2447 1119 τοῦ
2470 1078 2604 1134 ἐχθρ.,

233 1152 557 1195 correctionem
596 1157 680 1200 τοῖς
721 1156 756 1196 δ’
796 1155 847 1198 αὖ
888 1156 1057 1212 ἐχθροῖς
1097 1154 1296 1198 indicare
1331 1153 1521 1196 videtur.
1562 1175 1618 1182 —
1661 1152 1726 1197 17.
1757 1153 2010 1193 κινδυνεῦσαι
2043 1152 2093 1195 Β.
2126 1177 2183 1184 -
2223 1154 2288 1198 18.
2322 1155 2416 1201 τοὺς
2454 1155 2602 1202 αὐτοὺς

230 1229 490 1281 ἐπιτηδείους
510 1230 560 1274 Β.
582 1256 638 1262 -
661 1231 727 1274 21.
749 1233 787 1273 οἱ
809 1239 913 1274 ante
933 1231 1139 1287 ἧρημένοι
1161 1246 1246 1274 om.
1269 1231 1401 1274 etiam
1423 1229 1477 1272 D.
1500 1227 1749 1271 Articulum
1767 1232 2011 1284 praeeunte
2030 1227 2282 1275 Hertleinio
2306 1229 2441 1274 Obss.
2462 1230 2539 1278 ΙΙΙ.
2560 1230 2600 1275 6.

227 1309 349 1346 recte
370 1306 653 1351 sustulerunt
672 1308 968 1351 recentissimi
989 1308 1198 1359 editores,
1218 1304 1533 1356 Breitenbach,
1553 1304 1764 1354 Dindorf,
1785 1303 2168 1348 Biichsenschiitz.

1280 1510 1416 1560 neu.
1441 1507 1475 1569 l,
1499 1507 1543 1557 5.

345 1617 381 1662 1.
404 1615 700 1676 Κρατισιππίδα
721 1620 770 1663 Β.
797 1621 1129 1677 παρεληλυθυίας
1150 1619 1206 1662 D.
1236 1634 1259 1662 e
1289 1633 1402 1661 corr.
1436 1642 1494 1649 -—
1528 1618 1567 1662 3.
1590 1619 1767 1659 τάλαντα
1795 1618 1825 1673 ᾧ
1845 1617 1900 1661 D.
1931 1616 2062 1659 ἔδωκε
2091 1617 2147 1662 D.
2182 1642 2237 1648 —
2268 1618 2309 1661 8.
2342 1619 2377 1660 δ’
2410 1620 2601 1675 ἀθηναῖοι

227 1692 280 1735 D.
318 1716 373 1724 —
417 1694 456 1737 9.
487 1697 593 1751 μηδὲ
623 1697 763 1743 οἵτινες
793 1696 844 1739 Β.
906 1696 1041 1750 Quod
1084 1713 1205 1740 nunc
1238 1703 1359 1739 recte
1395 1695 1617 1738 scribitur.
1678 1694 1878 1737 Cobetus
1910 1694 2075 1739 Mnem.
2111 1695 2191 1739 VI.
2234 1697 2301 1738 55.
2337 1696 2599 1741 Schneideri

222 1769 460 1814 lectionem
485 1772 661 1827 μηδένες
682 1774 893 1830 scriptori
915 1774 1189 1817 reddendam
1212 1774 1401 1817 censuit.
1462 1774 1600 1818 αὑτοῖς
1622 1771 1671 1814 Β.
1693 1770 1747 1815 D.
1783 1794 1841 1804 —
1878 1771 1943 1814 10.
1967 1771 2231 1814 συνετέτακτο
2253 1772 2303 1817 Β.
2363 1772 2596 1830 Scriptura

225 1848 397 1905 optima
418 1849 719 1894 confirmatur.
742 1851 966 1909 ἀναψήχων
985 1851 1041 1897 D.
1063 1877 1118 1883 ——
1144 1850 1208 1896 16.
1227 1850 1547 1908 Ἀριστοκράτην
1568 1849 1622 1893 D.

1273 2055 1408 2105 Heu.
1433 2052 1466 2115 l,
1490 2052 1533 2105 6.

333 2161 372 2206 2.
395 2162 639 2218 παραδιδοίη
651 2162 908 2214 B.D.recte,
929 2170 980 2207 ut
1000 2164 1193 2207 videtur.
1214 2164 1286 2209 τὰς
1309 2167 1403 2210 ναῦς
1426 2163 1735 2218 παραδοῦναιΒ.
1756 2163 1910 2205 eadem
1919 2169 2069 2205 tamen
2083 2177 2218 2204 manu
2234 2165 2377 2220 signis
2392 2165 2596 2222 vulgaris

220 2236 394 2280 ordinis
413 2240 437 2296 β
455 2252 632 2295 usupra
641 2239 821 2296 positis.
842 2263 897 2270 -
918 2241 1016 2283 4.οὒ
1025 2240 1299 2295 γινωσκόντων
1311 2239 1479 2293 Β.Ι).δὴ
1492 2245 1600 2295 post
1609 2240 1800 2295 ἀπείρους
1812 2240 2024 2281 omittunt
2046 2239 2094 2280 Β.
2106 2239 2161 2281 D.
2181 2239 2334 2280 Locus
2355 2241 2593 2283 conatibus

213 2315 509 2372 interpretum
532 2315 763 2360 difficilior
776 2315 939 2360 factus.
960 2341 1002 2348 -—
1019 2318 1058 2360 5.
1078 2317 1270 2373 ἐροῦντας
1286 2315 1340 2360 D.
1356 2339 1411 2347 —
1426 2315 1466 2358 6.
1484 2316 1746 2372 τολμήματος
1764 2316 1837 2359 vel
1849 2339 1908 2360 -,-
1924 2331 1967 2362 ες
1985 2316 2034 2358 Β.
2052 2340 2108 2347 -
2127 2316 2193 2361 10.
2222 2315 2280 2357 ἐπ’
2299 2316 2448 2362 αὐτοὺς
2467 2318 2518 2360 Β.
2535 2342 2591 2350 -

216 2392 282 2435 14.
306 2393 525 2448 διήρπαζον
545 2393 597 2438 Β.
620 2393 953 2449 ἀνδραποσθῆναι
973 2394 1022 2438 Β.
1046 2394 1220 2437 Cobeto
1241 2393 1335 2437 Mn.
1353 2393 1431 2436 VI.
1457 2392 1551 2435 192.
1594 2391 1725 2434 οὐδέν’
1748 2393 1796 2434 ἂν
1817 2393 2073 2436 emendanti
2092 2406 2185 2434 non
2205 2394 2347 2451 magis
2368 2397 2593 2439 assentior

213 2484 348 2528 quam
369 2469 622 2514 Hertleinio
650 2470 767 2514 idem
789 2470 1001 2514 sentienti
1021 2470 1181 2516 Annal.
1202 2469 1327 2526 Lips.
1353 2468 1475 2513 1857.
1497 2469 1601 2519 702,
1638 2484 1695 2513 ne
1722 2470 1778 2513 iis
1806 2469 1986 2528 quidem
2007 2475 2272 2521 commotus,
2308 2485 2426 2529 quae
2445 2486 2592 2531 nuper

209 2549 258 2591 in
279 2563 376 2592 eam
397 2549 664 2592 sententiam
686 2547 902 2592 disseruit
920 2549 1049 2592 Rich.
1071 2547 1322 2591 Schneider
1343 2546 1527 2599 Quaest.
1548 2547 1664 2590 Xen.
1686 2562 1729 2604 p.
1751 2547 1819 2594 35.
1841 2547 1946 2593 Vid.
1966 2546 2176 2591 Heiland.
2197 2547 2382 2602 Quaest.
2402 2565 2449 2607 p.
2469 2550 2510 2594 8.
2530 2575 2590 2584 —

209 2625 276 2668 16.
298 2625 393 2672 τοὺς
415 2626 580 2682 ἀρίστας
602 2610 772 2682 ἐρέτρας
792 2626 844 2670 Β.
865 2625 1140 2682 καταφεύγειν
1159 2624 1215 2668 D.
1243 2648 1300 2655 —
1332 2623 1397 2666 18.
1416 2624 1491 2665 ὑπὸ
1512 2622 1650 2680 Κύρου
1665 2625 1720 2669 D.
1743 2649 1800 2656 —
1824 2625 1889 2668 19.
1912 2625 2030 2666 σίτων
2047 2624 2101 2668 D.
2123 2626 2372 2682 παραλαβὼν
2391 2625 2442 2670 Β.
2458 2627 2514 2670 D.
2531 2652 2586 2659 —

208 2702 277 2745 20.
300 2701 538 2747 ἐξέπλευσεν
558 2702 609 2747 Β.
627 2702 684 2747 D.
705 2727 761 2734 —
782 2702 852 2747 21.
874 2703 1176 2759 ἀφορμήσασαν
1195 2702 1247 2745 Β.
1282 2700 1385 2755 Quo
1408 2701 1698 2746 confirmatur
1712 2702 1933 2747 Dindorfii
1953 2702 2206 2746 emendatio
2227 2704 2331 2760 ipso
2351 2704 2583 2750 insciente.

208 2779 370 2835 Neque
389 2779 507 2821 idem
528 2780 644 2824 liber
664 2780 823 2837 paullo
843 2787 956 2837 post
975 2780 1110 2822 aliam
1130 2780 1270 2822 habet
1286 2780 1552 2835 scripturam
1574 2795 1709 2837 quam
1730 2795 1878 2825 veram
1899 2781 2070 2824 δύνοντι.
2091 2803 2145 2812 --
2166 2780 2236 2823 22.
2253 2782 2311 2827 εἰς
2331 2783 2398 2823 τὸν
2420 2781 2582 2837 εὔριπον

205 2859 274 2899 τὸν
289 2860 370 2899 τῶν
387 2856 713 2911 μιτυληναίωνΒ.
734 2857 804 2901 Ita
813 2857 948 2904 etiam
967 2857 1013 2900 in
1023 2857 1078 2901 D.
1100 2856 1270 2914 ubique
1292 2856 1507 2913 scriptum
1528 2861 1599 2900 est
1617 2871 1781 2901 nomen
1800 2857 2045 2916 proprium.
2067 2880 2124 2890 -—
2144 2856 2213 2902 24.
2224 2857 2515 2914 εἰςβιβάζοντες
2524 2858 2580 2902 D.

202 2934 298 2981 τοὺς
321 2934 364 2976 ἐν
385 2936 435 2988 τῆ
457 2933 596 2988 ἡλικία
617 2933 732 2981 ὄντας
751 2935 802 2979 Β.
825 2933 884 2979 D.
930 2934 1182 2979 Articulum
1203 2949 1303 2977 cum
1324 2933 1560 2978 Dindorfio
1581 2934 1714 2978 etiam
1733 2936 1875 2995 magis
1896 2940 2056 2979 contra
2076 2934 2296 2978 Cobetum
2314 2934 2408 2981 Mn.
2428 2935 2461 2979 1.
2482 2935 2580 2979 307.

202 3010 292 3061 VI,
319 3010 389 3053 45.
411 3017 545 3053 tueor
564 3025 701 3068 quam
720 3012 1022 3068 participium.
1083 3012 1289 3055 Ceterum
1320 3011 1376 3054 de
1396 3011 1586 3055 articulo
1608 3019 1712 3057 ante
1732 3013 1834 3056 δέκα
1853 3013 2009 3070 posito
2029 3011 2156 3070 quod
2177 3011 2353 3055 Gailius
2373 3009 2502 3057 dicit:
2533 3015 2579 3057 A

199 3089 292 3132 seul
314 3087 450 3131 donne
477 3103 590 3142 τας,
622 3087 736 3145 leqon
764 3091 945 3148 aquave,
982 3089 1074 3134 hoc
1094 3088 1228 3133 velim
1250 3089 1382 3140 scias,
1423 3089 1469 3132 in
1499 3089 1658 3134 codice
1681 3090 1726 3136 Β.
1754 3089 1890 3133 huius
1914 3090 2108 3148 paginae
2126 3074 2579 3147 partem'interiorem

197 3165 393 3210 laceram
415 3172 460 3211 et
481 3173 741 3224 corruptam
763 3183 877 3220 esse,
913 3167 986 3212 vel
1006 3166 1281 3224 perforatam
1311 3166 1384 3210 vel
1405 3167 1562 3212 charta
1580 3167 1823 3212 inductam.
1883 3165 1986 3221 Quo
2007 3166 2113 3212 loco
2139 3167 2211 3215 τὰς
2239 3181 2340 3212 esse
2368 3167 2579 3220 debebat,
