2890 3595
1335 42 1387 86 1⁷

168 174 447 225 habendum,
474 175 522 218 in
542 174 1050 233 Voigtlaenderiscidis
1077 176 1393 233 manuscriptis
1418 190 1512 218 non
1539 175 1636 218 sine
1656 180 1784 233 grata
1804 174 1969 218 veteris
1989 175 2118 218 amici
2137 175 2311 232 pridem
2332 176 2533 221 defuncti

167 251 481 298 recordatione
500 252 601 309 legi.
644 253 850 296 Ceterum
880 259 932 295 ut
957 252 1032 295 hic
1052 256 1260 296 ποιοῦνται
1278 254 1493 296 vitiosum
1510 251 1650 298 habet
1663 254 1715 303 A,
1736 253 1801 295 ita
1820 252 1939 295 infra
1960 253 2224 308 οἰκοδομοῦσι
2245 269 2345 296 cum
2360 256 2535 299 ceteris.

171 353 225 361 —
246 329 316 374 29.
335 328 461 373 Loco
482 329 564 386 ἔφη
587 326 634 373 Ο.
657 330 680 372 ἔ
699 330 838 373 habet
857 331 903 372 in
922 329 1010 372 fine
1031 343 1201 372 versus,
1239 329 1415 372 Deinde
1437 330 1562 386 quod
1591 329 1767 372 Gailius
1789 330 1846 373 de
1866 330 2092 430 scriptujra
2112 330 2282 373 codicis
2301 329 2351 372 Y
2370 338 2533 381 narrat,

169 412 241 451 est
258 407 306 450 in
324 407 376 451 A.
550 409 555 412 ’

1228 522 1342 571 Oec.
1365 515 1476 582 XXI.

285 640 326 684 3.
348 640 413 683 ἐπὶ
435 639 493 698 τῷ
515 640 735 687 ἐθελοντὰς
754 641 806 683 A.
829 640 875 683 C.
899 639 952 683 D.
975 638 1227 694 εὐγνώμονές
1250 641 1365 693 εἰσιν,
1388 641 1496 681 ὥστε
1516 641 1644 682 πλείω
1663 641 1715 682 A.
1735 642 1881 697 ἥκουσι
1900 639 1961 683 id.
1979 641 2132 696 ἥμουσι
2154 640 2202 683 C.
2218 639 2275 684 D.
2297 665 2344 672 -
2368 640 2409 682 6.
2431 638 2537 693 ἐγγί-

171 733 303 768 νεται,
331 718 399 760 καὶ
426 718 471 759 τὸ
500 719 732 774 φιλοπονεῖν
759 717 823 768 D,
852 724 904 761 ut
930 717 1067 775 igitur
1091 717 1229 759 verba
1257 717 1502 758 ἐθελοπονία
1530 716 1605 759 vel
1631 718 1847 773 φιλοπονία
1874 734 1933 764 τις
1961 743 2018 750 -
2046 719 2269 772 ἐγγίγνεται
2295 717 2458 760 desint.
2479 739 2537 747 —

170 794 214 838 8.
245 795 411 837 ἕπονται
440 793 494 836 D.
553 792 707 836 Verba
739 796 887 837 πολλαὶ
922 797 1060 851 χεῖρες
1097 816 1151 824 -—
1185 794 1328 847 γνώμῃ
1359 792 1476 834 idem
1504 792 1619 835 liber
1647 792 1802 835 addito
1833 795 1965 850 signo
1996 800 2218 837 consueto
2253 795 2301 836 in
2334 793 2536 849 margine

171 870 324 915 habet.
349 894 402 900 —
423 870 462 913 9.
486 869 596 913 οὖτοι
615 871 662 913 δὲ
684 872 722 914 οἱ
742 871 956 917 ἀνύτοντὲς
978 872 1076 912 εἰσιν
1097 870 1144 912 C.
1166 870 1221 912 D.
1243 893 1299 900 —
1322 870 1388 912 10.
1408 873 1695 925 κρατιστοῦσαι
1715 871 1765 912 A.
1787 870 1940 912 addito
1961 872 2008 912 in
2027 872 2227 927 margine
2248 870 2380 928 signo
2401 869 2535 912 dubi·

173 947 373 991 tationis.
434 946 570 999 Quod
598 948 805 989 codicum
833 948 1099 989 auctoritate
1127 960 1400 1001 magnopere
1427 947 1749 1002 comprobatur
1776 953 1821 988 et
1850 962 1877 988 a
1896 948 2003 989 viris
2023 948 2173 990 doctis
2195 946 2536 990 commendatur

172 1039 267 1068 non
286 1024 458 1081 paucis,
481 1022 759 1067 Schneidero
780 1025 828 1066 in
848 1039 956 1066 cura
976 1024 1189 1072 secunda,
1209 1024 1372 1078 ἑκάστῳ
1394 1036 1501 1065 vero
1522 1023 1684 1065 iniuria
1699 1023 1889 1072 delente,
1910 1023 2174 1067 Heindorfio
2190 1023 2314 1081 apud
2329 1023 2535 1073 eundem,

173 1116 362 1146 censore
378 1101 589 1145 editionis
605 1100 983 1145 Schneiderianae
999 1100 1225 1158 Lipsiensi
1240 1102 1545 1155 (κρατιστεῦσαι
1558 1097 1651 1155 παρ’
1668 1099 1799 1156 αὐτῷ)
1815 1100 2001 1157 Ephem.
2019 1101 2141 1159 Lipa
2161 1101 2284 1144 1805.
2301 1101 2410 1145 2881
2431 1115 2534 1158 sqq,

174 1180 230 1222 de
260 1193 353 1236 quo
380 1179 477 1234 ipse
497 1178 799 1222 Schneiderus
829 1178 1128 1221 conferendus
1156 1176 1302 1219 Praef.
1322 1177 1466 1220 Anab.
1486 1176 1666 1230 XXX13
1696 1183 1929 1233 praeterea
1957 1180 2089 1221 etiam
2109 1179 2321 1222 Goellero
2345 1179 2534 1234 Dionys.

173 1257 277 1300 Hal.
301 1256 349 1299 C.
371 1255 427 1300 V.
448 1255 525 1306 50,
553 1254 928 1313 Voigtlaendero‚
957 1257 1241 1312 κρατιστεῦσαι
1269 1269 1295 1296 a
1323 1254 1496 1297 Cobeto
1517 1253 1610 1296 Mn.
1632 1253 1738 1304 VII,
1763 1254 1857 1297 138.
1884 1261 2099 1313 tanquam
2124 1270 2292 1299 novum
2318 1255 2534 1313 quiddam

173 1334 460 1392 proponitur.
497 1358 554 1366 —
592 1334 657 1377 11.
687 1334 753 1376 διὰ
774 1337 893 1377 τοῦτο
915 1350 961 1390 γε
989 1334 1049 1375 ὅτι
1071 1334 1152 1388 ἐγὼ
1174 1332 1281 1386 λέγω
1303 1332 1355 1374 A.
1378 1331 1426 1375 C.
1447 1331 1502 1374 D.
1542 1330 1695 1390 Pergit
1715 1333 1769 1376 D.
1801 1333 1920 1376 δόντα
1948 1334 2106 1389 μαθεῖν.
2141 1358 2197 1365 -
2233 1333 2300 1377 12.
2327 1334 2535 1389 φείδονται

174 1427 276 1456 cum
298 1412 428 1470 signo
452 1410 706 1467 corrigendi
725 1411 772 1453 in
792 1411 990 1467 margine
1010 1411 1150 1453 habet
1168 1410 1218 1458 A,
1248 1416 1299 1451 ut
1319 1423 1469 1465 supra.
1526 1409 1651 1452 Idem
1669 1410 1785 1453 liber
1804 1413 1948 1467 μηδεὶς
1970 1412 2152 1469 quidem
2173 1411 2360 1465 ἀποθάνῃ
2381 1410 2535 1460 habet,

176 1490 259 1533 sed
277 1490 325 1532 in
345 1489 544 1545 margine
566 1488 621 1544 μὴ
642 1489 716 1534 δὶς.

292 1724 446 1767 Pauca
466 1720 630 1765 addam
654 1721 709 1764 de
728 1720 846 1764 libro
866 1719 1219 1777 Xenophonteo,
1242 1721 1321 1778 qui
1342 1727 1411 1763 est
1428 1719 1495 1763 De
1513 1720 1735 1764 venatione.
1773 1719 1869 1763 Nec
1889 1734 1997 1763 vero
2018 1718 2080 1763 ad
2098 1735 2198 1763 eum
2218 1719 2380 1763 librum
2401 1718 2536 1777 quid-

178 1816 313 1860 quam
335 1815 359 1844 e
388 1799 622 1843 codicibus
648 1797 966 1855 manuscriptis
991 1797 1185 1841 afferam.
1243 1797 1360 1840 Nam
1379 1813 1525 1856 neque
1546 1798 1636 1841 duo
1657 1799 1850 1841 Parisini
1871 1798 2053 1841 codices
2073 1798 2223 1841 denuo
2244 1814 2272 1841 a
2290 1813 2361 1841 me
2382 1798 2541 1841 collati

178 1886 286 1923 sunt
315 1883 360 1922 et
386 1876 759 1921 Vratislaviensis
787 1880 877 1917 tam
906 1880 1116 1917 accurate
1145 1889 1172 1917 a
1200 1874 1364 1917 Carolo
1394 1874 1445 1917 Ε.
1475 1875 1576 1918 Chr.
1607 1874 1883 1917 Schneidero
1914 1876 2064 1918 denuo
2095 1862 2292 1919 collatus
2323 1883 2462 1934 atque
2491 1877 2541 1918 in

177 1972 310 2000 usum
337 1970 484 1998 meum
511 1967 759 1997 conversus
789 1959 879 2002 est,
905 1958 957 1994 ut
984 1952 1242 1995 collationis
1269 1954 1536 2010 repetitione
1563 1968 1751 2010 prorsus
1779 1969 1931 1996 carere
1956 1968 2097 2010 posse
2123 1954 2370 1996 videamur.
2429 1954 2542 2005 Erit,

179 2035 365 2092 opinor,
387 2031 572 2089 aliquod
593 2029 807 2072 auxilium
830 2044 853 2072 e
874 2030 1006 2071 novis
1028 2030 1261 2072 codicibus
1283 2032 1653 2087 exspectandum,
1674 2031 1816 2074 veluti
1834 2032 2091 2082 Marciano,
2111 2031 2353 2081 Perusino,
2373 2031 2541 2074 Madri-

179 2112 309 2155 tensi.
369 2109 508 2153 Nolui
550 2114 696 2150 autem
730 2107 847 2149 hanc
882 2107 1106 2150 scribendi
1138 2109 1521 2165 opportunitatem
1554 2109 1929 2166 praetermittere,
1965 2109 2076 2167 quin
2109 2108 2296 2166 aliquod
2329 2118 2449 2153 certe
2483 2109 2543 2152 ad

179 2187 517 2247 opusculorum
538 2184 975 2243 Xenophonteorum
996 2183 1237 2229 editionem
1258 2199 1398 2228 meam
1417 2186 1657 2244 reciperem
1679 2186 2044 2231 additamentum.
2081 2186 2250 2230 Verum
2266 2186 2340 2229 hic
2358 2201 2542 2245 quoque

181 2268 323 2325 magis
343 2267 391 2309 in
412 2264 668 2324 colligendo
690 2268 735 2306 et
754 2261 961 2305 addendo
984 2277 1118 2320 quam
1138 2264 1184 2307 in
1205 2264 1464 2322 quaerendo
1487 2270 1532 2307 et
1551 2265 1822 2308 inveniendo
1843 2265 2100 2308 versabitur
2117 2280 2215 2308 mea
2235 2280 2385 2322 opera.

299 2345 337 2395 l,
359 2344 399 2386 4.
425 2341 700 2398 Ἐτελεύτησε
723 2341 769 2383 δὲ
790 2339 986 2396 (Χείρων)
1008 2341 1178 2397 ὕστερον
1205 2343 1231 2397 ἢ
1254 2345 1310 2389 ὡς
1334 2341 1535 2399 Ἀχιλλέα
1556 2343 1809 2385 ἐπαίδευσεν.
1867 2342 1939 2386 Ad
1958 2342 2077 2386 hanc
2097 2344 2363 2400 scripturam
2384 2342 2540 2386 defen-

180 2421 374 2465 dendam
394 2434 514 2462 nunc
533 2433 668 2461 unum
690 2417 981 2477 locum-*addo
1001 2417 1116 2462 Plat.
1138 2418 1276 2476 Hipp.
1299 2421 1402 2464 min.
1424 2420 1521 2463 371.
1543 2420 1593 2462 b:
1624 2417 1710 2462 Οὔκ
1732 2419 1873 2469 οἶσθα,
1903 2419 1963 2461 ὅτι
1989 2420 2118 2475 λέγων
2146 2419 2401 2476 (Ἄχιλλεὺς)
2424 2422 2541 2463 ὕστε-

183 2516 267 2554 ρον,
288 2499 314 2552 ἢ
336 2499 393 2543 ὥς
413 2497 511 2551 πρὸς
540 2496 606 2537 τὸν
628 2493 833 2537 Ὀδυσσέα
862 2494 942 2550 ἔφη
972 2494 1058 2549 ἅμα
1085 2499 1140 2550 τῇ
1165 2496 1239 2551 ἠοῖ
1262 2496 1624 2545 ἀποπλευσεῖσθαι,
1645 2496 1743 2552 πρὸς
1763 2496 1827 2536 τὸν
1849 2495 1999 2537 Αἴαντα
2020 2496 2093 2538 οὐκ
2115 2495 2166 2538 αὖ
2187 2498 2309 2553 φησὶν
2330 2498 2544 2539 ἀποπλευ-

184 2576 359 2622 σεῖσθαι,
381 2573 487 2615 ἀλλὰ
508 2572 614 2614 ἄλλα
635 2570 767 2625 λέγεις
790 2570 893 2615 Vid.
917 2571 963 2615 C.
984 2570 1032 2616 F.
1053 2571 1294 2615 Hermann.
1316 2571 1392 2616 III.
1412 2587 1457 2629 p.
1478 2570 1626 2616 XXV.
1672 2608 1674 2611 .

302 2653 338 2702 l,
359 2651 399 2696 6.
430 2647 625 2705 Κέφαλος
647 2648 719 2703 μὲν
739 2648 807 2690 καὶ
829 2648 903 2690 ὑπὸ
925 2648 1024 2695 θεᾶς
1046 2648 1259 2704 ἡρπάσθη,
1288 2648 1536 2705 Ἀσκληπιὸς
1557 2649 1603 2690 δὲ
1625 2648 1817 2703 μειζόνων
1839 2648 1998 2704 ἔτυχεν,
2027 2647 2255 2707 Cephalus
2276 2650 2391 2693 adeo
2413 2664 2439 2692 a
2459 2651 2546 2694 dea

181 2735 341 2787 raptus
370 2734 459 2778 est,
488 2727 657 2769 maiora
682 2740 791 2768 vero
812 2724 888 2767 illa
909 2730 1034 2774 sunt,
1058 2739 1174 2782 quae
1194 2726 1489 2783 Aesculapius
1510 2726 1669 2783 attigit.
1730 2725 1791 2769 M.
1812 2725 2040 2782 Hauptius
2060 2727 2128 2769 καὶ
2149 2741 2174 2770 e
2195 2741 2281 2770 suo
2300 2728 2408 2773 loco
2428 2730 2547 2773 inter

183 2809 232 2851 δὲ
253 2807 447 2864 μειζόνων
468 2804 702 2863 transponi
721 2802 820 2846 vult
839 2801 1001 2845 Philol.
1022 2800 1058 2844 Ι.
1079 2800 1176 2845 650.

304 2887 340 2936 1,
363 2884 430 2928 12.
460 2884 582 2927 Usus
601 2881 815 2926 vocabuli
836 2880 1047 2934 ἐπιμέλεια
1068 2879 1326 2930 absolutus,
1355 2881 1435 2937 qui
1455 2895 1723 2938 quamquam
1749 2881 1892 2924 rarior
1919 2885 2008 2931 est,
2039 2896 2135 2925 non
2161 2888 2312 2928 tamen
2341 2901 2369 2928 a
2389 2885 2546 2929 Xeno-

184 2962 389 3019 phontea
415 2977 468 3004 ac
495 2976 552 3004 ne
573 2959 807 3004 Platonica
835 2956 1014 3016 quidem
1043 2956 1219 3001 dicendi
1247 2957 1422 3002 ratione
1449 2957 1684 3010 abhorret,
1714 2957 1835 3003 hunc
1854 2957 2006 3003 locum
2027 2965 2073 3004 et
2093 2973 2214 3013 eum,
2242 2963 2322 3020 qui
2341 2963 2378 3021 ς.
2401 2964 2441 3007 5.
2463 2968 2545 3015 est,

182 3053 213 3079 a
233 3039 487 3097 corrigendi
506 3038 741 3085 voluntate
760 3036 875 3080 tue-ri
894 3035 1072 3079 videtur
1090 3050 1242 3092 posse.
1301 3034 1404 3080 Vid.
1426 3037 1558 3081 etiam
1581 3035 1647 3082 17.

2254 3106 2277 3143 8
