2890 3595
1453 151 1505 195 14

1342 335 1454 385 Oec.
1481 327 1590 383 VIII.

392 443 434 486 4.
457 440 745 498 εὐχειρότατον
765 440 816 483 A.
839 438 887 483 C.
908 438 963 483 D.
986 438 1096 483 οὕτω
1116 439 1359 483 intumum
1379 441 1454 486 iid.
1477 467 1530 474 —-
1551 441 1592 486 6.
1614 442 1640 498 ἡ
1662 447 1766 487 ante
1788 443 1955 499 στρατιά
1975 454 2062 485 om.
2082 439 2192 485 A.C.
2213 439 2268 484 D.
2290 442 2348 489 τίς
2371 441 2399 484 δ’
2426 455 2511 485 om.
2536 441 2584 485 C.
2605 441 2660 485 D.

277 522 533 577 θαυμάσιιιν
555 518 604 562 C.
625 518 680 561 D.
709 519 766 564 τίς
789 518 835 560 δὲ
856 518 907 560 A.
946 542 995 548 —
1037 517 1103 561 10.
1125 519 1194 560 καὶ
1217 517 1267 561 σὺ
1289 520 1377 572 μὲν,
1413 521 1447 564 ὦ
1467 521 1582 575 γύναι
1601 520 1657 564 D.
1678 521 1806 575 γύναι,
1842 522 1914 563 τοῦ
1937 520 2011 577 μὲν
2030 517 2155 576 Lips.
2177 520 2318 576 χώραν
2339 519 2385 562 δὲ
2406 517 2462 562 D.
2484 518 2661 575 ποθήσει

281 613 368 642 om.
388 598 445 642 D.
476 622 529 630 -
562 596 629 640 12.
649 596 846 650 Lacuna,
867 609 1003 654 quam
1024 594 1198 640 Gailiua
1219 599 1595 649 commemoravit,
1624 599 1670 641 in
1693 598 1740 642 C.
1763 604 1845 642 est.
1873 622 1931 633 --
1968 596 2032 642 16.
2055 596 2126 640 ἐὰν
2147 596 2193 639 δὲ
2217 599 2285 640 καὶ
2306 598 2408 641 πάνυ
2429 598 2568 644 καλῶς
2589 597 2660 640 bis

277 676 418 721 habet
439 673 491 719 C.
538 699 594 707 —
637 675 702 718 17.
732 675 769 717 εἰ
798 675 837 717 οἱ
863 676 938 730 μὲν
966 677 1051 720 τοῖς
1072 675 1229 722 πλοίοις
1250 676 1300 718 A.
1325 676 1372 720 C.
1393 676 1455 727 D,
1490 676 1552 718 ita
1572 683 1742 727 tamen,
1777 685 1830 719 ut
1849 676 1900 718 A.
1923 675 2076 721 πλείοις
2099 673 2265 717 habeat
2285 675 2595 732 superscripto
2619 691 2656 718 ο.

278 754 493 811 εδεῦρετον
513 753 563 796 A.
587 752 634 796 C.
655 752 711 796 D.
761 751 898 806 Quod
919 751 1120 796 Cobetus
1139 752 1233 797 Mn.
1257 752 1366 805 V11,
1406 755 1500 798 125.
1529 755 1566 797 εἰ
1588 759 1692 797 ante
1714 754 1770 809 μὴ
1793 753 2023 808 εὑρήσομεν
2053 765 2104 794 ac
2126 751 2288 797 deinde
2309 753 2447 798 verba
2473 758 2559 801 πῶς
2583 755 2655 797 οὐκ

277 831 326 874 ἂν
346 832 479 887 πολλὴ
501 832 618 886 ἡμῶν
640 831 835 873 ἀσυνεσία
857 831 942 888 εἴης
974 831 1326 874 additamentum
1347 831 1458 874 dicit
1479 847 1578 874 esse
1598 830 1882 888 impudenter
1911 844 1938 872 a
1958 829 2104 872 sciolo
2125 829 2423 886 Xenophonti
2444 831 2656 883 affictum,

276 922 371 951 non
391 908 558 951 desunt
577 909 670 952 loci
691 910 894 952 similiter
913 911 1162 959 constituti,
1192 910 1334 952 veluti
1355 909 1518 967 Cyrop.
1542 911 1588 959 4,
1620 909 1668 959 2,
1699 908 1767 952 46.
1826 906 1923 951 Nec
1944 907 2084 965 magis
2107 921 2225 964 opus
2253 914 2324 952 est
2346 908 2656 954 emendatione

276 987 447 1030 Curerii
469 987 525 1029 ad
541 986 595 1028 R.
613 987 730 1044 Equ.
751 987 823 1037 12,
847 988 887 1030 4.
902 1002 945 1044 p.
968 988 1059 1033 109.
1082 989 1307 1042 πεπηγυίας
1331 1001 1412 1044 pro
1436 988 1652 1043 βεβηκυίας
1670 985 1921 1030 scribentis.
1943 1009 2000 1020 --
2024 983 2089 1027 18.
2108 985 2273 1038 ἀγαθῶν
2291 986 2422 1032 etiam
2441 987 2489 1032 C.
2505 987 2657 1033 habet.

1364 1193 1480 1242 Oec-
1504 1186 1577 1240 lx.

391 1301 427 1342 1.
450 1305 535 1346 πῶς
559 1301 595 1342 τὶ
617 1299 664 1342 C.
688 1299 742 1342 D.
773 1304 860 1345 πῶς
882 1300 919 1340 τί
936 1301 987 1342 A.
1050 1301 1120 1342 Ita
1139 1300 1325 1343 volebat
1344 1299 1635 1344 Heindorfius
1657 1299 1816 1348 scribi,
1854 1312 1987 1355 quem
2007 1313 2051 1342 v.
2071 1296 2186 1341 Plat.
2206 1297 2343 1357 Hipp.
2369 1301 2468 1344 mai.
2490 1300 2587 1346 297.
2619 1315 2656 1345 e.

275 1377 496 1433 ἐπισχνῆτό
519 1392 564 1431 γε
588 1376 635 1419 C.
659 1376 713 1420 D.
737 1378 932 1433 ὑπιχνῆτό
952 1394 998 1432 γε
1020 1377 1143 1434 Lips.
1191 1403 1244 1411 —
1286 1377 1325 1421 2.
1346 1378 1396 1420 τὰ
1418 1375 1601 1433 πρέποντ’
1627 1376 1775 1418 ἐνεῖναι
1797 1375 1959 1431 ἑκάστῳ
1979 1372 2215 1418 Heindorf.
2258 1402 2309 1408 —
2352 1376 2394 1421 4.
2425 1377 2538 1435 ἔχειν
2568 1393 2654 1423 om.

275 1456 327 1497 A.
350 1454 398 1497 C.
420 1454 476 1496 D.
497 1477 554 1485 —
577 1454 643 1500 12.
666 1453 988 1510 εὐφραινοίμεθα
1009 1455 1059 1497 A.
1101 1454 1239 1507 Quod
1260 1455 1433 1499 Gailius
1454 1459 1656 1502 annotat,
1679 1451 1737 1496 ad
1759 1451 1806 1496 C.
1829 1452 2036 1509 pertinet.
2059 1476 2114 1484 -
2145 1452 2211 1497 19.
2233 1454 2332 1509 ῥᾷον
2355 1467 2440 1497 om.
2464 1454 2512 1498 C.
2531 1454 2586 1499 D.

1376 1661 1490 1712 ooo.
1514 1655 1567 1710 X.

393 1770 432 1811 2.
456 1770 516 1810 ἔτι
539 1784 624 1812 om.
646 1771 699 1811 A.
728 1794 786 1800 —
812 1769 853 1811 4.
883 1768 1008 1815 εὐθύς
1031 1785 1116 1813 om.
1137 1769 1192 1812 D.
1229 1795 1284 1802 -—
1319 1768 1358 1813 7.
1390 1768 1424 1812 ὦ
1447 1766 1560 1823 γύναι
1581 1764 1721 1811 habet
1738 1766 1797 1818 A,
1834 1766 2000 1810 omittit
2019 1765 2082 1816 D,
2119 1768 2303 1812 ascribit
2323 1769 2370 1811 in
2390 1770 2588 1828 margine
2610 1770 2657 1813 C.

278 1849 380 1901 Qua
400 1849 446 1888 in
474 1861 523 1888 re
553 1847 592 1888 si
612 1847 755 1888 maior
774 1847 844 1889 vis
866 1855 911 1889 et
931 1848 1130 1904 gravitas
1151 1847 1341 1897 inesset,
1379 1844 1571 1889 Gailium
1593 1843 1723 1887 etiam
1744 1843 1887 1901 magis
1908 1843 2153 1888 dolendum
2174 1850 2295 1889 esset
2316 1850 2405 1889 tam
2426 1846 2586 1890 leviter
2612 1848 2659 1889 in

281 1940 333 1967 ea
357 1930 583 1967 versatum
607 1939 720 1965 esse.
783 1923 952 1967 Scribit
973 1925 1088 1967 enim
1110 1925 1206 1968 ille:
1242 1924 1336 1981 Εφη
1360 1926 1381 1966 ὁ
1402 1922 1640 1979 Ισχομαχος
1661 1924 1715 1974 (ω
1736 1936 1850 1976 γυναι
1871 1923 2025 1980 marg.)
2047 1923 2098 1966 A.
2120 1921 2174 1965 D.
2209 1946 2268 1955 —
2305 1923 2370 1967 10.
2393 1923 2474 1979 ἔφη
2496 1937 2580 1967 om.
2602 1923 2657 1967 D.

278 2002 390 2059 ἔχειν
412 2001 458 2044 C.
482 2000 536 2043 D.
558 2001 606 2056 ἦν
628 2002 693 2042 δεῖ
712 2001 764 2043 D.
797 2002 870 2042 καί
897 2009 1004 2058 post
1025 2002 1378 2058 ἐπισκοπουμένην
1410 1999 1530 2043 delet
1551 1997 1856 2049 HeindorfiuS,
1893 2006 1996 2042 ante
2027 1999 2310 2057 participium
2341 2000 2657 2045 collocandum

278 2086 433 2123 censet
453 2077 770 2122 Schneiderus.

1365 2206 1481 2257 Oec.
1504 2199 1578 2255 XI.

396 2317 432 2359 1.
455 2314 691 2371 ἀμφωτέρω
720 2315 774 2357 A.
808 2339 864 2346 —
899 2314 938 2357 2.
971 2316 1355 2371 μεταρρυῦμήσαιμι
1386 2317 1436 2358 A.
1475 2339 1527 2346 —
1563 2314 1602 2356 5.
1634 2312 1872 2370 προβλέψας
1902 2311 1959 2355 D.
1997 2337 2048 2343 --
2084 2313 2125 2356 9.
2156 2316 2258 2356 πάνυ
2288 2312 2319 2368 γ’
2344 2314 2425 2369 ἔφη
2446 2315 2498 2356 A.
2521 2313 2568 2356 C.
2603 2338 2658 2344 —

281 2393 347 2436 11.
381 2392 535 2446 ὑγιείας
558 2392 606 2434 C.
627 2392 683 2434 D.
716 2393 830 2446 ὑγίας
847 2405 1002 2449 “supra
1031 2392 1068 2446 ἓ.
1089 2392 1130 2434 8.
1162 2399 1232 2435 est
1260 2393 1306 2435 in
1327 2393 1380 2435 A.
1440 2390 1654 2434 Eiusdem
1684 2404 1838 2449 margo
1869 2389 1960 2446 πέρι
1981 2389 2205 2448 significat
2235 2396 2345 2447 post
2365 2392 2657 2448 χρηματίσεως

275 2470 588 2527 reponendum
608 2484 723 2512 esse.
762 2469 832 2512 Ita
853 2469 1140 2513 scribendum
1161 2485 1261 2513 cum
1280 2469 1556 2513 Leonclavio
1579 2473 1699 2512 recte
1719 2467 2005 2512 Hermannue
2026 2473 2071 2512 et
2091 2468 2292 2513 Cobetus
2312 2468 2406 2512 Mn.
2427 2468 2528 2520 V11,
2563 2469 2656 2512 129.

279 2554 566 2591 censuerunt.
625 2547 695 2590 De
715 2546 881 2597 verbis,
920 2561 1038 2604 quae
1059 2547 1348 2604 praecedunt,
1385 2546 1442 2591 cf.
1464 2546 1628 2590 Buttm.
1651 2561 1715 2604 gr.
1737 2545 1792 2590 ΙΙ.
1814 2546 1911 2589 405.
1947 2571 2001 2578 -—
2042 2547 2107 2591 12.
2130 2546 2376 2590 Articulum
2398 2552 2503 2589 ante
2526 2549 2656 2601 ὑγίεια

279 2640 366 2668 om.
387 2626 443 2668 D.
464 2625 774 2680 ἐπιμελουμένων
796 2631 867 2669 est
886 2625 935 2668 in
956 2623 1127 2669 eodem.
1150 2650 1205 2657 ——-
1228 2625 1294 2669 16.
1316 2626 1409 2668 ἐπεὶ
1429 2624 1456 2668 δ’
1483 2623 1529 2667 ἂν
1552 2624 1663 2667 ἔλθω
1685 2624 1732 2668 C.
1757 2648 1808 2657 -·-
1834 2623 1900 2668 18.
1922 2624 2012 2667 ἐπεὶ
2033 2624 2062 2667 δ’
2089 2625 2136 2668 ἂν
2157 2626 2204 2668 δὲ
2225 2639 2260 2667 τ.
2281 2639 2314 2679 γ.
2336 2623 2391 2667 D.
2423 2648 2480 2660 ψ-
2513 2624 2578 2666 19.
2599 2628 2656 2665 τῶ

279 2704 356 2758 γὰρ
379 2703 426 2745 C.
445 2702 501 2744 D.
523 2704 591 2743 καὶ
612 2706 696 2749 τοῖς
717 2719 783 2758 πρ.
803 2719 839 2744 τ.
861 2703 897 2758 ῥ.
919 2703 1051 2745 etiam
1072 2702 1117 2745 in
1138 2703 1188 2746 A.
1211 2709 1293 2747 est.
1343 2703 1463 2746 Idem
1484 2716 1593 2745 vero
1616 2717 1700 2746 om.
1723 2702 1794 2745 καί
1812 2706 1916 2745 ante
1938 2704 2025 2749 ταῖς
2046 2717 2079 2744 τ.
2100 2705 2166 2745 πλ.
2216 2702 2424 2761 Denique
2443 2701 2498 2744 D.
2521 2700 2659 2744 habet

279 2777 523 2832 ἐπιμελίαῑς.
545 2804 599 2811 -
619 2779 852 2824 22.Verba
871 2783 1114 2836 κατηγορεῖν
1136 2804 1191 2811 -
1211 2780 1392 2827 πολλοὺς
1414 2795 1438 2824 e
1459 2794 1571 2824 corr.
1595 2780 1764 2837 scripta
1783 2778 1922 2822 habet
1939 2780 1989 2822 A.
2013 2805 2068 2812 —
2090 2780 2157 2823 23.
2180 2782 2236 2826 ὡς
2259 2779 2460 2834 συμφέρει
2481 2780 2529 2821 A.
2544 2779 2591 2822 C.
2601 2779 2656 2824 D.

1352 2985 1465 3034 Oec.
1490 2979 1582 3033 XII.

395 3089 435 3134 3.
458 3088 612 3135 Verba
633 3089 729 3132 ὅταν
750 3091 910 3147 δεηθῇς
930 3115 989 3123 -
1018 3092 1119 3149 ἁνήρ
1142 3106 1165 3135 e
1187 3106 1301 3135 corr.
1325 3091 1532 3148 habetffA.
1554 3095 1682 3148 πειρῶ
1704 3091 1897 3132 ὠνεῖσθαι
1917 3090 1974 3133 D.
2005 3115 2061 3122 —
2091 3090 2131 3132 5.
2155 3089 2314 3142 δεήσειν
2334 3087 2386 3154 C.
2417 3112 2472 3121 -
2503 3088 2544 3131 6.
2567 3088 2658 3144 ἔχει

278 3167 333 3212 D.
356 3168 565 3227 idemque
585 3167 786 3212 ultimam
804 3167 996 3212 litteram
1017 3170 1143 3213 verbi
1163 3172 1367 3216 διδάσκεις
1399 3185 1422 3213 e
1445 3184 1558 3213 corr.
1581 3169 1732 3211 habet.
1754 3168 1858 3223 ἔφην
1882 3170 1965 3225 ἰσχ.
1987 3170 2034 3212 C.
2056 3174 2107 3210 ut
2128 3175 2274 3210 tamen
2297 3166 2506 3210 videatur
2526 3182 2544 3206 ν
2566 3172 2613 3214 in
2634 3190 2656 3214 0
