2890 3595
1384 148 1411 193 2
1467 177 1470 180 ⁴

202 280 418 332 volueris,
439 287 574 325 notas
595 280 690 325 fere
711 280 930 324 ducentas
951 280 1252 340 quadraginta
1271 283 1471 341 quinque
1493 280 1670 324 differre
1690 280 1905 323 invenies.
1944 279 2076 324 Unde
2095 296 2151 324 ne
2172 288 2281 340 post
2298 280 2579 325 Dindorfium

205 359 387 418 quidem
409 358 529 402 hanc
557 372 697 402 meam
720 371 901 416 operam
921 357 1123 401 inutilem
1145 360 1288 403 videri
1310 360 1472 403 debere
1495 374 1547 402 ae
1569 373 1683 416 pene
1703 357 2008 402 incredibilem
2035 373 2136 402 esse
2157 359 2292 402 Gailii
2312 359 2579 402 sententiam

206 436 432 494 intelliges
452 449 616 478 novam
637 443 746 492 post
766 449 814 477 se
831 435 1119 478 collationem
1141 437 1199 478 ad
1217 437 1595 496 palaeographiae
1616 444 1787 480 tantum
1809 437 1960 479 studia
1974 437 2196 494 pertinere
2213 450 2354 494 posse
2374 436 2579 479 dicentis.

206 514 276 558 De
295 514 470 557 ratione
494 519 643 556 autem
663 513 780 556 inter
796 512 939 555 libros
960 512 1012 556 B.
1035 519 1080 556 et
1096 513 1152 558 D.
1174 515 1478 559 intercedente
1500 516 1538 558 si
1561 517 1754 574 quaeris,
1775 514 1910 558 talem
1930 514 2076 557 voluit
2095 529 2196 558 esse
2207 513 2579 557 Breitenbachius

208 593 330 634 Diar.
351 593 504 649 Antiq.
530 591 651 636 1851.
673 591 743 633 61.
765 604 884 647 sqq„
904 591 1105 634 nondum
1128 593 1301 636 scilicet
1322 595 1514 651 coguitis
1535 595 1645 637 meis
1666 595 1994 644 additamentis,
2014 599 2067 637 ut
2087 594 2134 636 in
2154 594 2312 642 tribus,
2334 593 2390 635 de
2411 592 2581 650 quibus

209 670 284 714 hic
305 671 464 727 agitur,
498 667 728 712 Historiae
749 682 938 727 graecae
957 668 1086 713 libris
1106 670 1262 727 primis
1291 671 1408 715 inter
1435 671 1683 729 scripturas
1704 671 1788 716 220
1816 672 1985 716 diceret
2016 671 2066 718 Β.
2089 670 2184 722 186,
2205 669 2260 715 D.
2286 669 2379 715 157.
2409 668 2577 712 habere

211 747 417 805 optimas,
437 751 669 803 praeterea
691 745 819 798 C.97,
840 745 892 791 E.
914 746 982 798 70,
1003 747 1057 791 A.
1077 748 1146 799 44,
1170 748 1223 792 G.
1249 749 1314 800 10,
1332 748 1379 793 F.
1401 750 1440 792 4.
1483 748 1618 802 Quod
1639 749 1753 793 idem
1776 750 1890 794 dixit
1909 750 1963 795 D.
1986 763 2085 794 cum
2105 749 2157 794 B.
2178 750 2224 791 in
2252 748 2324 791 his
2351 746 2478 790 libris
2496 745 2581 788 140

207 825 376 868 habere
404 824 652 880 scripturas
678 823 952 875 laudabiles,
993 825 1045 868 17
1084 826 1181 868 sine
1209 825 1268 876 B,
1312 826 1442 869 facile
1478 827 1583 870 inde
1613 828 1805 886 colligas
1846 828 1975 871 etiam
2001 826 2090 869 alia
2118 827 2321 870 subsidia
2349 824 2495 869 codici
2521 822 2577 867 D.

208 902 363 945 fuisse.
405 900 556 953 Quum
574 915 684 944 vero
705 900 968 944 Dindorfius
990 903 1303 959 quaestionem
1324 904 1378 946 de
1401 905 1604 947 codicum
1625 905 1777 947 indole
1799 919 1852 946 ac
1874 905 2090 960 stirpibus
2112 911 2191 946 aut
2212 904 2358 946 obiter
2378 901 2580 958 attigisse

210 979 439 1022 videretur
459 984 539 1023 aut
558 979 829 1036 neglexisse,
852 994 950 1022 eam
970 981 1141 1037 negotii
1161 986 1332 1036 partem
1353 981 1617 1038 explendam
1638 997 1784 1039 nuper
1803 982 1888 1025 sibi
1905 980 2325 1025 sumsitRichardus
2334 978 2584 1024 Schneider

211 1057 342 1099 editis
377 1056 564 1099 Bonnae
600 1056 960 1109 Quaestionibus
994 1056 1359 1113 Xenophonteis,
1400 1073 1492 1101 non
1530 1066 1653 1103 recte
1690 1061 1766 1103 ille
1805 1059 1987 1117 quidem
2028 1060 2183 1104 dicens
2223 1059 2422 1102 codicem
2457 1055 2513 1111 D.
2553 1069 2581 1097 a

212 1132 448 1176 Dindorfio
479 1133 692 1176 collatum
723 1148 843 1183 esse,
881 1134 1009 1176 cuius
1039 1135 1092 1183 is,
1128 1140 1179 1177 ut
1207 1149 1345 1190 supra
1373 1135 1581 1185 diximus,
1617 1137 1758 1179 multo
1790 1152 1838 1180 se
1866 1137 2195 1194 diligentiorem
2225 1150 2357 1194 quam
2386 1134 2579 1177 Gailium

216 1212 476 1255 exhibuisse
511 1212 680 1256 diceret
714 1212 1024 1262 collationem,
1064 1218 1259 1255 ceterum
1294 1213 1340 1256 in
1374 1212 1414 1256 J.
1458 1213 1513 1263 F,
1554 1213 1769 1258 adhibitis
1800 1215 1878 1258 ubi
1912 1214 1969 1258 de
2002 1214 2042 1259 J.
2077 1229 2170 1258 non
2206 1213 2316 1258 satis
2352 1214 2582 1256 constaret

211 1293 259 1336 B.
281 1293 336 1334 D.
358 1292 422 1339 V.
459 1291 638 1333 reiectis
667 1291 718 1333 A.
739 1291 840 1335 Ald.
862 1290 919 1333 K.
941 1291 988 1335 C.
1009 1289 1069 1340 E,
1103 1291 1443 1334 fundamentum
1473 1293 1654 1336 criticae
1682 1295 1728 1337 in
1755 1294 1845 1337 hoc
1873 1294 1991 1337 libro
2018 1292 2292 1337 factitandae
2320 1288 2579 1348 ponendum

213 1384 314 1420 esse
336 1368 571 1425 colligens.
625 1369 833 1425 Denique
854 1368 910 1410 de
933 1368 1090 1411 codice
1111 1369 1166 1412 D.
1189 1369 1299 1426 quid
1321 1369 1609 1413 statuendum
1632 1371 1703 1422 sit,
1739 1378 1832 1414 tum
1855 1372 2031 1415 demum
2052 1370 2301 1428 apparebit,
2336 1368 2415 1412 ubi
2435 1366 2490 1410 de
2510 1365 2580 1416 iis,

214 1461 330 1504 quae
359 1446 405 1488 iu
436 1461 490 1489 eo
520 1446 689 1503 scripta
716 1453 836 1496 sunt,
854 1473 856 1475 -
874 1446 1088 1489 certiores
1116 1446 1226 1490 facti
1248 1448 1424 1493 erimus.
1485 1447 1585 1501 Qua
1611 1449 1658 1491 in
1678 1464 1726 1492 re
1746 1449 1882 1493 huius
1902 1449 2047 1493 libelli
2081 1462 2189 1507 pars
2216 1446 2343 1505 prior
2361 1449 2580 1489 versatur.

213 1524 299 1566 Est
318 1537 428 1565 vero
449 1524 488 1565 is
510 1524 656 1566 codex
677 1524 820 1566 altero
840 1525 1078 1573 recentior,
1101 1524 1180 1566 sed
1202 1539 1257 1566 ex
1277 1525 1448 1575 eodem,
1468 1533 1519 1568 ut
1538 1527 1728 1575 videtur,
1748 1527 1876 1569 fonte
1895 1527 2141 1583 profectus,
2160 1526 2330 1568 formae
2351 1523 2582 1571 maxfflae,

215 1616 354 1657 quum
375 1601 431 1643 ab
453 1600 703 1643 editoribus
725 1599 980 1656 descriptus
1001 1605 1093 1642 tum
1116 1615 1143 1643 a
1162 1599 1358 1657 Spillero
1375 1603 1533 1645 Annal.
1555 1602 1678 1659 Lips.
1695 1603 1857 1660 Suppl.
1882 1603 2005 1647 1840.
2027 1617 2070 1660 p.
2085 1601 2181 1645 528.
2196 1615 2279 1659 sq.‚
2300 1598 2580 1643 Schneidero

211 1679 326 1721 Plat.
351 1679 444 1721 Civ.
465 1679 498 1722 1.
518 1695 562 1735 p.
584 1677 782 1727 XXXII,
819 1677 1069 1720 Hertleinio
1093 1677 1227 1722 Obss.
1249 1679 1303 1722 ΙΙ.
1325 1695 1368 1736 p.
1395 1680 1433 1724 2.
1457 1696 1539 1737 sq„
1574 1679 1924 1724 Breitenbachio
1945 1682 2076 1738 Ages.
2103 1695 2148 1736 p.
2168 1678 2270 1723 XII.
2327 1677 2425 1721 Jam
2453 1675 2583 1734 quod

212 1771 329 1813 quae
353 1756 528 1799 leviora
553 1755 831 1799 videbuntur
857 1770 957 1798 esse
985 1770 1080 1798 non
1107 1756 1277 1813 ubique
1306 1756 1483 1814 neglexi
1513 1763 1592 1800 aut
1620 1759 1912 1814 praetermisi,
1945 1758 2033 1801 feci
2062 1764 2107 1801 et
2134 1756 2260 1815 quod
2288 1755 2363 1798 alii
2389 1754 2575 1803 faciunt,

209 1833 319 1890 feeit
346 1834 478 1878 etiam
498 1831 777 1882 Dindorfius,
809 1838 854 1875 et
883 1832 1008 1890 quod
1038 1847 1094 1875 ex
1124 1847 1178 1875 eo
1209 1833 1385 1890 aliquid
1412 1834 1470 1877 ad
1498 1835 1757 1879 collationis
1784 1850 1910 1879 meae
1935 1835 2068 1879 fidem
2093 1826 2447 1879 redundaturum
2476 1846 2579 1875 esse

212 1912 613 1956 commendationis
653 1911 822 1968 putavi.
892 1909 1019 1962 Quae
1060 1925 1197 1968 quum
1237 1912 1301 1955 ita
1340 1912 1445 1963 sint,
1488 1914 1567 1970 qui
1605 1914 1785 1958 diversa
1804 1913 1944 1971 ‘apud
1983 1912 2177 1957 Gailium
2217 1918 2262 1957 et
2299 1909 2580 1956 Dindorfium

210 1992 450 2039 invenerit,
498 1990 545 2033 id
592 1989 718 2046 quod
758 2005 895 2046 quum
944 1989 1018 2031 alii
1058 1996 1298 2033 senserunt
1342 1997 1435 2034 tum
1474 1991 1787 2038 Breitenbach.
1826 1991 1949 2035 Diar.
1988 1991 2138 2048 Antiq.
2182 1990 2303 2034 1851.
2353 1989 2422 2033 61.
2463 2002 2582 2046 sqq.,

211 2068 520 2114 Hausdbrffer.
565 2068 624 2110 ib.
663 2067 785 2110 1855.
820 2067 896 2117 44,
939 2066 1147 2111 Heiland.
1185 2067 1368 2121 Quaest.
1405 2068 1617 2127 Xenoph.
1662 2086 1705 2128 p.
1745 2068 1791 2125 2,
1833 2067 2220 2114 Biichsenschiitz.
2254 2066 2418 2112 Philol.
2456 2066 2579 2112 1859.

213 2154 310 2197 545.
332 2167 415 2208 sq.‚
436 2165 505 2193 me
526 2154 678 2192 utetur
698 2147 1004 2203 disceptatore
1025 2152 1162 2203 atque
1182 2147 1286 2190 inde
1309 2148 1438 2191 etiam
1461 2163 1628 2199 eorum,
1658 2162 1775 2206 quae
1795 2147 1912 2191 inter
1933 2161 1982 2190 se
2004 2151 2273 2204 congruunt,
2302 2145 2578 2188 notationem

214 2245 339 2274 suam
379 2233 584 2284 repetere
625 2224 960 2267 excusationem
997 2225 1230 2282 intelliget,
1272 2225 1466 2283 denique
1508 2226 1755 2268 editionum
1793 2233 1926 2268 notas
1966 2225 2246 2281 aliquantum
2285 2221 2574 2279 corrigendas

211 2308 386 2351 videbit
420 2320 534 2348 esse.
594 2302 799 2346 Ceterum
833 2316 949 2359 quae
976 2302 1116 2352 aliter,
1154 2318 1290 2360 quam
1326 2303 1446 2346 credi
1483 2303 1614 2353 solet,
1651 2304 1698 2346 in
1726 2303 1853 2346 libris
1884 2302 1933 2345 B.
1960 2301 2016 2346 D.
2053 2300 2300 2344 constituta
2332 2298 2440 2350 vidi,
2475 2313 2575 2342 cum

211 2384 478 2432 lectoribus,
529 2395 724 2439 quorum
761 2380 979 2422 interesse
1018 2379 1248 2423 videretur
1296 2395 1348 2422 ea
1387 2395 1676 2438 cognoscere,
1727 2378 2056 2424 communicavi
2093 2392 2186 2420 non
2226 2391 2318 2435 quo
2359 2376 2431 2419 his
2469 2378 2578 2420 meis

212 2460 528 2507 additamentis
558 2458 632 2500 vel
661 2456 1053 2500 emendationibus
1082 2458 1225 2513 ipsam
1252 2457 1633 2514 Xenophonteam
1651 2458 1899 2500 Historiam
1927 2455 2072 2498 multo
2093 2454 2223 2497 aliter
2249 2453 2576 2496 conformatum

211 2541 266 2584 iri
293 2545 520 2597 putarem,
556 2536 637 2579 sed
664 2542 715 2578 ut
744 2534 1048 2583 ostenderem,
1086 2535 1195 2591 quid
1221 2535 1391 2584 Gassio,
1429 2542 1625 2577 ceterum
1656 2536 1824 2592 optime
1855 2534 1910 2575 de
1939 2532 2248 2588 Xenophonte
2280 2533 2437 2574 merito
2465 2532 2578 2582 viro,

210 2615 500 2662 tribuendum
520 2620 654 2664 esset,
682 2619 736 2656 ut
755 2613 813 2655 ad
835 2612 1028 2655 certiora
1047 2613 1094 2654 in
1115 2613 1188 2654 his
1208 2613 1334 2655 libris
1355 2614 1561 2655 iacienda
1579 2613 1873 2655 fundamenta
1894 2610 2067 2668 aliquid
2088 2608 2349 2661 conferrem,
2385 2611 2578 2668 denique

214 2695 338 2752 quod
377 2694 472 2741 alii,
523 2698 568 2735 et
604 2692 794 2734 maxime
833 2689 1015 2746 quidem
1054 2703 1175 2731 nunc
1214 2689 1373 2732 Batavi
1415 2690 1594 2746 quidam
1634 2690 1861 2738 homines,
1910 2687 2092 2744 ingenio
2132 2687 2464 2744 praestitissent
2502 2694 2580 2732 aut

217 2772 499 2831 praestitisse
530 2769 616 2812 sibi
645 2769 734 2812 visi
765 2772 931 2817 essent,
967 2766 1121 2824 aliquo
1141 2767 1278 2811 modo
1310 2783 1393 2826 ego
1415 2769 1665 2825 scripturae
1686 2765 1891 2810 codicum
1913 2764 2256 2823 diligentissima
2275 2764 2577 2823 descriptione

217 2858 448 2909 praestare
477 2862 675 2891 conarer.
734 2846 884 2896 Plura,
922 2859 1038 2902 quae
1068 2846 1191 2901 apud
1213 2845 1407 2888 Gailium
1437 2846 1613 2897 desunt,
1649 2861 1674 2888 a
1700 2843 1936 2888 Dindorfio
1965 2843 2133 2886 omissa
2160 2848 2267 2885 sunt
2295 2857 2427 2900 quam
2455 2843 2575 2888 falso

212 2934 383 2972 notata.
424 2926 494 2970 De
516 2924 665 2968 Gailio
688 2923 870 2982 quidem
890 2922 1017 2981 quod
1037 2936 1131 2965 non
1152 2923 1287 2980 pauci
1307 2938 1427 2966 nunc
1457 2939 1479 2967 e
1501 2923 1767 2967 Schneideri
1786 2921 2080 2965 annotatione
2099 2919 2312 2970 iudicant,
2344 2935 2437 2964 non
2456 2927 2594 2965 recte·

210 3007 409 3056 faciunt3
445 3002 712 3048 Schneideri
747 3016 856 3046 vero
893 3016 1066 3046 errores
1097 3016 1192 3045 non
1224 3002 1365 3059 magis
1400 3002 1526 3045 volui
1562 3003 1788 3062 corrigere
1822 3014 1955 3059 quam
1991 3013 2108 3057 quae
2141 2998 2262 3056 apud
2294 2998 2575 3044 Dindorfium

209 3085 390 3127 diversa
411 3088 518 3126 sunt
537 3086 712 3124 notare.
751 3081 905 3138 Ipsum
926 3080 1121 3123 Gailium
1143 3079 1355 3137 supplere
1374 3080 1513 3124 volui.
1554 3079 1685 3121 Unde
1706 3085 1751 3121 et
1770 3092 1887 3136 quae
1907 3077 1969 3119 sit
1988 3090 2152 3118 caussa
2172 3083 2217 3119 et
2235 3077 2351 3119 ratio
2372 3084 2577 3122 notarum

208 3175 418 3210 mearum,
456 3160 697 3218 apparebit
717 3164 763 3201 et
780 3158 998 3215 paucitati
1017 3171 1216 3201 meorum
1236 3158 1283 3199 in
1303 3157 1358 3199 iis
1378 3158 1619 3200 verborum
1638 3155 1963 3215 ignoscendum
1985 3155 2080 3199 erit.
2119 3153 2354 3198 Postremo
2377 3156 2578 3200 concedo
