2890 3595
1346 110 1373 154 5

183 249 364 293 chartae
383 247 556 305 aliquid
577 246 901 305 agglutinatum
921 253 1004 289 est.
1031 271 1089 279 —
1109 245 1176 290 25.
1199 247 1246 289 δὲ
1267 246 1422 288 ἅπασαι
1441 243 1491 287 Β.
1513 267 1566 275 -
1597 241 1664 286 26.
1687 243 1818 298 μελέᾳ
1839 242 1888 286 Β.
1911 268 1966 274 -
1993 242 2061 286 29.
2082 243 2150 286 καὶ
2171 243 2290 287 αὖται
2311 244 2375 287 ἐπὶ
2396 247 2468 302 μιᾶ
2491 245 2549 293 D.

184 330 275 383 (μιᾶ
295 333 346 370 ut
365 326 573 381 videtur).
604 325 676 381 μία
694 324 745 370 Β.
777 324 845 366 καὶ
867 322 985 366 αὖται
1011 337 1105 366 non
1126 322 1237 367 male
1258 321 1482 366 scribitur.
1504 321 1544 373 3,
1569 321 1606 371 1,
1630 321 1695 367 10.
1724 336 1749 364 e
1777 320 1907 365 libris
1935 321 2116 366 duobus
2146 321 2282 366 scribi
2301 337 2422 367 nunc
2442 337 2547 368 coe·

181 412 309 463 ptum
337 411 407 447 est
433 406 501 446 καὶ
529 404 654 458 αὐτή,
684 401 971 459 propositum
999 401 1129 445 etiam
1156 416 1183 444 a
1212 401 1387 446 Cobeto
1407 399 1501 443 Mn.
1522 399 1557 442 I.
1578 399 1674 443 312.
1732 399 1862 444 Alios
1884 400 2138 459 corrigendi
2161 407 2354 445 conatus
2373 402 2546 453 Schwi·

181 483 307 540 dopii
328 481 463 525 Obss.
485 482 530 523 in
550 480 669 524 Heli.
691 479 891 537 Regiom.
916 479 1040 522 1839.
1064 479 1130 522 16.
1151 485 1282 523 caute
1300 478 1517 535 repressit
1535 477 1752 521 Hertlein.
1777 477 1912 524 Obss.
1933 477 2013 522 ΠΙ.
2039 479 2091 522 10
2111 493 2182 536 sq.
2205 503 2255 511 -
2285 479 2355 522 32.
2378 479 2547 523 οἰκεῖται

180 561 227 605 Β.
267 559 391 603 Idem
409 560 465 602 D.
488 572 512 601 e
533 572 646 601 corr.
695 557 832 611 Quod
860 558 904 599 in
927 559 978 600 A.
999 564 1045 601 et
1063 557 1224 601 Aldina
1246 571 1347 600 esse
1367 555 1532 604 dicitur
1550 556 1748 609 οἰκιεῖται,
1770 555 1942 613 pridem
1960 556 2203 613 probatum
2223 556 2311 600 fuit
2326 556 2544 601 Jacobsio

180 636 296 682 Add.
318 634 541 679 animadv,
562 636 610 679 in
629 633 791 678 Athen.
812 648 857 692 p.
877 633 959 678 168
979 634 1158 691 (οὐδαμῆ
1180 650 1218 678 κ.
1240 636 1456 687 οἰκιεῖται),
1478 633 1772 676 Stallbaumio
1793 633 1907 676 Plat.
1927 634 2101 676 Phileb.
2116 650 2163 691 p.
2183 634 2278 677 129.
2299 635 2369 678 ed.
2392 634 2546 685 Goth..

180 712 548 762 Brestenbachio,
576 727 697 757 nunc
724 713 946 770 probatur
971 718 1186 771 tanquam
1213 725 1335 755 novo
1365 712 1591 755 inventori
1621 711 1795 755 Cobeto
1821 713 1913 756 Mn.
1937 713 2015 756 VI.
2036 712 2133 755 290.
2192 712 2298 755 Fuit
2325 712 2442 755 adeo
2463 714 2543 771 qui

182 795 350 835 οἰκεῖται
364 791 563 835 futurum
578 790 778 842 haberet,
799 791 926 834 nullo
948 790 1121 833 scilicet
1139 791 1280 833 verbo
1301 789 1358 833 de
1378 790 1423 832 vi
1444 796 1489 832 et
1504 790 1832 848 significatione
1852 791 1989 833 huius
2010 791 2223 834 vocabuli
2243 790 2415 842 addito,
2437 791 2542 837 coll.

179 870 344 915 Buttm.
374 883 437 928 gr.
455 869 490 912 I.
511 868 608 911 403.
666 867 735 910 De
762 867 1008 911 Hermanni
1036 867 1226 925 Sauppii
1247 866 1558 910 emendatione
1579 868 1738 923 οἰκῆται
1759 869 1805 909 in
1832 867 1916 924 Ep.
1939 869 2033 910 erit.
2063 869 2121 910 ad
2151 868 2204 911 G.
2225 869 2376 911 Herm.
2404 883 2449 925 p.
2471 869 2540 915 72.

180 948 417 1006 proposita
445 946 548 990 vide
577 945 687 1004 quid
716 946 882 989 sentiat
908 945 1146 1003 Emperius
1165 946 1280 988 Anu.
1300 945 1425 1002 Lips.
1450 944 1572 990 1842.
1595 945 1693 988 283.
1753 945 1838 988 Est
1858 959 1967 988 vero
1990 946 2121 987 etiam
2144 944 2301 1002 Steph.
2323 947 2461 990 Thes.
2482 947 2540 989 V.

178 1026 275 1074 954,
298 1025 342 1067 (1.
403 1023 540 1076 Quod
569 1022 945 1065 Breitenbachius
980 1037 1102 1065 nunc
1132 1023 1345 1078 opinatur
1371 1023 1587 1078 scriptum
1622 1023 1765 1065 fuisse
1794 1023 1975 1078 οἰκήσει,
2004 1029 2150 1066 mutat
2177 1024 2224 1065 in
2253 1024 2424 1078 οἰκήσῃ,
2452 1025 2540 1067 nisi

179 1103 459 1159 praeferatur
481 1100 633 1154 οἰκηθῇ
654 1099 726 1142 vel
748 1100 969 1155 οἰκήσεται,
991 1098 1251 1156 Schwidop.
1274 1097 1408 1144 Obss.
1429 1098 1616 1143 Lucian.
1644 1099 1722 1143 111.
1749 1099 1951 1158 Regiom.
1975 1099 2096 1143 1860.
2118 1100 2144 1143 5
2166 1114 2234 1157 sq.
2293 1099 2544 1144 Levissima

178 1193 286 1223 vero
307 1179 531 1222 medicina
549 1176 773 1219 Dindorfii
795 1183 865 1219 est
885 1177 940 1232 μὴ
963 1175 1168 1220 delentis.
1197 1201 1254 1208 -—
1281 1175 1350 1218 34.
1371 1175 1490 1217 πέντε
1511 1178 1579 1218 καὶ
1601 1176 1730 1218 εἴκοσι
1751 1180 1847 1232 νῆες
1869 1176 1924 1221 D.
1955 1202 2010 1208 —
2039 1176 2108 1219 35.
2131 1177 2335 1218 ἐτεονίκου
2357 1181 2406 1232 τῆ
2427 1177 2543 1220 πόλει

178 1257 440 1311 ἐφορμούσας
469 1258 517 1309 τῆ
548 1255 739 1309 μιτυλήνη
763 1253 825 1302 D,
852 1259 904 1293 ut
923 1260 1069 1295 tamen
1099 1254 1239 1310 signis
1268 1254 1592 1309 superscriptis
1614 1255 1638 1309 β
1659 1270 1684 1294 α
1705 1254 1929 1297 indicetur
1949 1254 2233 1297 scribendum
2254 1269 2354 1296 esse
2382 1259 2431 1308 τῆ
2462 1270 2541 1308 μιτ.

178 1335 238 1387 ἐφ.
299 1331 472 1375 Deinde
493 1332 738 1373 διεκώλυσεν
761 1328 909 1375 αὐτοὺς
929 1330 979 1373 Β.
1002 1330 1056 1375 D.
1080 1356 1132 1362 —
1154 1330 1221 1375 37.
1243 1329 1346 1372 τοῦτ’
1370 1330 1421 1375 Β.
1443 1330 1497 1373 D.
1521 1330 1645 1377 αὒτὸς
1667 1331 1713 1373 δὲ
1734 1330 1788 1373 D.

1226 1528 1492 1592 neum.

293 1642 330 1685 1.
364 1640 482 1682 οὐδὲν
505 1639 604 1696 οἴκῳ
624 1640 673 1683 Β.
714 1640 799 1683 Hic
821 1646 867 1684 et
886 1641 926 1691 5,
951 1639 1016 1684 16.
1057 1640 1213 1685 Cobet.
1234 1641 1328 1685 Mn.
1349 1641 1384 1693 I,
1405 1640 1501 1684 306.
1531 1639 1610 1692 VI,
1630 1641 1700 1684 44.
1730 1641 1772 1684 ἐν
1795 1641 1893 1697 οἴκῳ
1913 1641 1960 1684 in
1979 1640 2189 1684 usitatius
2211 1640 2316 1682 οἴκοι
2335 1642 2537 1685 mutavit.

177 1717 354 1770 Quodsi
385 1718 426 1759 ἐν
448 1716 571 1773 οἴκῳ,
599 1717 733 1772 domi,
760 1718 996 1762 ridiculum
1017 1725 1087 1762 est
1113 1718 1221 1770 dici,
1248 1733 1354 1762 num
1381 1719 1518 1762 risum
1541 1718 1716 1762 tenebis
1737 1717 1793 1761 ἐπ’
1818 1718 1932 1761 οἴκου
1954 1717 2040 1761 alia
2060 1717 2246 1776 legens?
2275 1742 2329 1748 —
2360 1717 2400 1761 2.
2422 1719 2444 1760 ὁ
2465 1721 2538 1760 τοῦ

176 1796 307 1850 δήμου
328 1793 378 1836 Β.
400 1796 465 1836 τὸν
486 1801 591 1838 ante
605 1794 748 1851 Ἐρασ.
770 1810 856 1840 om.
876 1795 927 1839 B.
954 1822 1002 1828 —
1023 1796 1064 1839 4.
1087 1796 1282 1852 ὑποσχεῖν
1303 1796 1399 1843 τοὺς
1420 1796 1669 1852 στρατηγοὺς
1689 1796 1739 1839 Β.
1762 1797 1996 1839 ἐπεδείκνυε
2011 1795 2061 1839 Β.
2076 1795 2132 1838 D.
2147 1820 2203 1826 —
2225 1795 2264 1838 5.
2286 1796 2391 1849 μετὰ
2411 1799 2539 1839 ταῦτα

175 1875 220 1916 δὲ
239 1873 290 1916 Β.
311 1873 366 1915 D.
398 1874 557 1931 βραχέα
577 1875 633 1917 D.
669 1899 715 1906 —
749 1872 789 1917 8.
821 1873 998 1928 ἐγίγνετο
1019 1874 1071 1918 Β.
1091 1872 1148 1918 D.
1177 1874 1218 1916 ἐν
1247 1873 1350 1930 αὐτῆ
1379 1877 1429 1930 τῆ
1459 1875 1578 1931 ἑορτῆ
1600 1874 1654 1917 D.
1696 1872 1957 1920 Καλλίξεινον
1978 1874 2036 1926 Β,
2065 1880 2117 1918 ut
2137 1874 2267 1918 etiam
2287 1879 2461 1931 postea.
2480 1899 2540 1908 -

177 1950 243 1993 12.
268 1951 619 2006 προςεκαλέσαντο
637 1951 686 1994 Β.
708 1952 1038 2008 προεκαλέσαντο
1055 1951 1111 1995 D.
1137 1975 1190 1983 —
1215 1952 1281 1995 14.
1303 1952 1413 2007 παρὰ
1434 1952 1499 1994 τὸν
1515 1952 1637 2007 νόμον
1651 1952 1703 1995 Β.
1718 1952 1773 1995 D.
1794 1952 1945 1996 Recte.
1969 1977 2024 1982 —
2048 1953 2112 1996 15.
2136 1953 2175 1994 οἱ
2194 1954 2400 2008 πρυτάνεις
2416 1952 2466 1996 Β.
2483 1976 2538 1985 -

176 2028 241 2070 16.
270 2028 319 2069 τὰ
347 2029 394 2070 δὲ
423 2028 734 2086 ξυμβουλεύσων
756 2043 841 2074 om.
862 2029 918 2072 D.
949 2053 1003 2062 —
1037 2027 1102 2073 18.
1134 2028 1196 2070 ἐπ’
1223 2028 1389 2071 ἐκείνων
1408 2027 1460 2072 Β.
1480 2028 1535 2072 D.
1565 2029 1612 2072 in
1639 2028 1731 2072 hoc
1761 2029 2069 2087 superscripto
2092 2030 2127 2072 ὑ.
2161 2054 2213 2061 -
2249 2029 2312 2074 19.
2335 2029 2538 2085 πείθησθε

173 2119 394 2160 superser.
419 2122 456 2147 οι
476 2105 530 2148 D.
561 2105 739 2160 πίθησθε
759 2105 931 2149 mavult
951 2106 1060 2150 Cob.
1080 2105 1174 2150 Mn.
1194 2105 1229 2155 1,
1251 2104 1346 2149 309.
1371 2119 1533 2150 caussa
1553 2121 1646 2150 non
1668 2107 1833 2151 addita.
1893 2105 2012 2150 Vide
2033 2121 2151 2165 quos
2171 2106 2301 2150 locos
2323 2106 2537 2164 apposuit

170 2180 554 2226 Biichsenschiitz.
620 2182 810 2225 Diversa
838 2182 967 2226 affert
994 2182 1115 2226 Bake
1141 2182 1228 2234 IX,
1249 2181 1346 2225 202.
1378 2182 1531 2238 μάλιστ’
1556 2184 1693 2240 ἀληθῆ
1724 2184 1779 2227 D.
1808 2182 1962 2238 μάλιστ’
1985 2183 2147 2238 τάληθῆ
2168 2183 2219 2227 Β.
2248 2183 2535 2239 ἡμαρτηκότας

173 2263 230 2307 εἰς
250 2262 300 2302 τὰ
322 2260 505 2314 μέγιστα,
522 2259 645 2305 θεούς
668 2275 711 2301 τε
726 2259 776 2302 Β.
793 2259 848 2303 D.
871 2259 1021 2306 εἰδότες
1041 2259 1299 2303 κολάσασθαι
1315 2258 1369 2304 Ι).
1393 2258 1534 2307 δόντας
1550 2286 1605 2292 -
1621 2261 1885 2308 πιστεύοντας
1905 2261 2148 2319 utrobique
2169 2273 2389 2316 superscr.
2412 2274 2457 2305 ες
2477 2258 2532 2301 D.

171 2363 226 2369 —
247 2336 315 2379 23.
343 2336 601 2391 διῃρημένων
622 2336 672 2380 Β.
695 2336 944 2393 διῃρημένης
965 2336 1021 2380 D.
1044 2335 1187 2393 ἑτέρου
1215 2337 1262 2380 δὲ
1284 2336 1353 2380 bis
1375 2335 1430 2380 D.
1461 2362 1512 2369 —
1543 2336 1611 2381 24.
1643 2336 1709 2394 ὑφ’
1733 2339 1844 2394 ὑμῶν
1864 2338 1914 2382 Β.
1937 2343 1982 2382 et
2001 2326 2137 2395 supra
2157 2335 2327 2394 scripto
2349 2351 2375 2392 η
2398 2334 2452 2379 D.
2476 2360 2531 2367 —

170 2416 239 2458 27.
271 2413 539 2468 μεταμελήση
572 2437 624 2444 -—
656 2414 944 2469 ἡμαρτηκότας
965 2413 1020 2457 D.
1082 2413 1208 2467 Quae
1234 2414 1530 2471 praecedente
1559 2415 1821 2470 ἀποκτείνητε
1850 2430 1957 2458 vera
1983 2413 2138 2457 haberi
2166 2420 2372 2470 possunt.
2431 2413 2532 2456 Nisi

170 2493 287 2537 forte
309 2490 546 2534 offensioni
568 2497 638 2533 est
657 2491 827 2534 initium
845 2490 961 2533 Ἀλλ’
982 2492 1094 2538 ἴσως.
1135 2492 1204 2536 Ad
1223 2491 1405 2536 alteram
1420 2493 1638 2536 rationem
1654 2492 1988 2535 accommodate
2010 2491 2062 2537 G.
2079 2491 2364 2534 Hermannus
2384 2491 2531 2534 voluit

170 2572 250 2625 ἤδη
277 2569 389 2610 ἔσται
411 2568 557 2610 scribi.
581 2593 631 2599 —
657 2568 724 2611 28.
746 2571 943 2624 ποιήσητε
964 2569 1013 2611 Β.
1035 2572 1244 2625 ποιήσαιτε
1265 2570 1319 2613 D.
1351 2596 1400 2601 —
1433 2570 1500 2613 29.
1523 2570 1739 2626 πειρᾶσθαι
1762 2571 1814 2612 D.
1837 2570 1946 2612 καθὰ
1967 2571 2014 2614 Β.
2038 2571 2072 2612 δ’
2095 2570 2159 2611 ἐπὶ
2179 2568 2231 2612 Β.
2254 2569 2307 2611 D.
2329 2569 2377 2611 δὲ
2398 2569 2531 2625 ἀμφό-

169 2664 266 2704 τερα
286 2648 336 2689 Β.
358 2647 410 2689 D.
444 2670 499 2677 —
529 2645 597 2688 30.
619 2650 698 2686 τῶν
720 2653 824 2688 ante
845 2645 1007 2700 Σαμίων
1030 2660 1114 2688 om.
1136 2645 1187 2688 B.
1210 2646 1265 2689 D.
1297 2671 1351 2680 --
1383 2647 1450 2689 31.
1474 2647 1699 2703 ταξιαρχῶν
1720 2647 1769 2690 Β.
1791 2648 1889 2703 πρὸς
1912 2647 2070 2693 τούτοις
2092 2646 2141 2689 Β.
2163 2645 2217 2688 D.
2251 2670 2305 2678 —-
2336 2646 2405 2690 33.
2428 2645 2475 2688 ἂν
2496 2646 2533 2688 τὶ

170 2727 242 2779 μὲν
263 2724 317 2767 D.
338 2749 392 2756 —
413 2724 481 2767 34.
504 2724 716 2778 γινομένης
737 2723 787 2765 Β.
810 2747 861 2753 -
893 2722 960 2765 35.
983 2723 1196 2778 γινομένης
1219 2723 1268 2765 Β.
1291 2738 1314 2765 e
1336 2738 1449 2767 corr.

1199 2926 1334 2977 Hell.
1360 2922 1424 2986 ΙΙ,
1448 2922 1489 2976 1.

250 3036 287 3091 1,
334 3034 368 3077 δ’
400 3037 442 3078 ἐν
471 3035 527 3078 D.
555 3058 613 3068 —
644 3035 684 3078 2.
713 3035 947 3076 ἀπολέσωσι
968 3033 1016 3076 Β.
1037 3032 1092 3075 D.
1124 3057 1178 3063 ——-
1214 3035 1252 3075 5.
1283 3037 1531 3088 συνενεγκεῖν
1559 3034 1612 3076 D.
1647 3038 1943 3088 συνενενεγκεῖν
1969 3034 2021 3079 Β.
2052 3059 2106 3067 -
2138 3035 2177 3077 6.
2208 3035 2249 3076 ἐν
2279 3034 2376 3076 οτίω
2396 3034 2445 3076 Β.
2475 3059 2530 3066 -

162 3114 201 3156 7.
230 3095 356 3157 ταύτὰ
378 3114 434 3158 D.
462 3117 589 3157 ταῦτα
609 3113 659 3156 Β.
690 3114 906 3167 ναυαρχεῖν
928 3111 993 3152 τὸν
1014 3110 1135 3153 αὐτὸν
1155 3111 1209 3153 D.
1240 3136 1295 3144 —-
1325 3111 1366 3154 8.
1389 3112 1552 3152 δύναται
1574 3110 1623 3154 Β.
1644 3110 1698 3156 D.
1732 3135 1785 3143 —
1821 3113 1886 3155 10.
1909 3110 1941 3154 τ’
1963 3111 2215 3158 ἐπεσκεύαζε
2236 3110 2286 3154 Β.
2309 3135 2365 3142 -
2399 3111 2462 3154 12.
2486 3113 2532 3154 τὸ
