2890 3595
1424 157 1476 204 12

209 274 232 292 ⁰
262 287 372 331 dicit
405 287 626 331 neminem
662 289 830 333 vidisse
864 291 901 347 §-
942 290 1007 334 16.
1044 289 1339 345 αἰσθανώμεθα
1376 291 1511 333 scribi
1546 295 1770 347 oportere,
1805 289 1895 332 boc
1926 293 2030 331 ante
2060 302 2159 331 eum
2180 288 2403 340 Germani,
2432 302 2551 348 quos
2571 288 2643 333 vir

262 366 427 409 doctus
457 381 615 423 parum
648 368 860 426 cognitos
891 368 1046 420 habet,
1085 366 1296 411 viderunt
1325 368 1436 411 satis
1465 368 1610 419 multi,
1642 367 1783 412 veluti
1805 366 2111 411 Schneiderus
2138 366 2186 409 in
2216 379 2408 410 censura
2428 367 2641 411 editionis

258 444 557 502 Reisigianae,
579 445 637 488 ad
659 460 790 503 quem
812 446 989 489 accedit
1009 445 1305 488 Heindorfius
1326 446 1446 503 apud
1468 447 1791 490 Schneiderum
1812 447 1857 489 in
1880 445 1999 489 curis
2019 443 2245 494 secundis,
2276 452 2510 500 praeterea
2528 460 2638 489 vero

258 521 485 575 Kerstius,
518 522 906 576 Brestenbachius,
943 523 1205 568 Dindorfius
1235 524 1281 567 iu
1303 523 1591 577 editionibus,
1626 523 1881 569 Heilaudus
1910 524 1957 567 in
1985 536 2176 567 censura
2195 521 2638 568 Breitenbachianae.

260 601 382 645 Idem
421 602 556 645 scribi
592 601 799 645 voluerat
827 601 1017 646 Mehler.
1051 602 1192 646 Conv.
1224 602 1291 646 82.
1353 604 1501 661 Atque
1535 605 1598 647 ita
1633 604 1849 661 scriptum
1885 608 1955 645 est
1985 594 2032 644 in
2052 602 2102 644 A.
2139 606 2185 644 et
2219 615 2243 643 e
2278 615 2391 645 corr.
2426 603 2473 646 in
2494 604 2549 647 D.
2582 629 2638 635 —

265 679 330 721 17.
353 679 601 734 εὐπατριδῶν
624 678 739 721 ἐνίων
769 694 816 734 γε
838 679 1066 722 δοκούντων
1088 679 1189 722 εἶναι
1210 681 1282 723 est
1302 682 1433 724 etiam
1454 683 1500 725 in
1521 682 1568 725 C.
1599 705 1655 712 —-·
1688 680 1753 723 18.
1785 681 1854 722 καὶ
1875 681 1979 726 τίνες
2010 680 2059 735 δή
2082 679 2180 720 εἰσιν
2202 679 2314 720 οὗτοι
2336 679 2417 736 ἔφη
2439 683 2489 724 A.
2510 680 2558 723 C.
2579 680 2635 723 D.

261 755 524 813 Vulgatam‚
562 769 679 812 quae
710 760 780 798 est
809 755 856 797 in
877 755 925 799 B.
947 755 1009 806 Ε,
1042 757 1206 799 iniuria
1226 759 1530 814 perturbatam
1563 759 1677 801 dixit
1695 758 1944 801 Weiskius.
1980 782 2035 788 —
2071 756 2139 799 20.
2160 757 2475 812 περιπλεγμέναι
2495 756 2545 798 Β.
2581 781 2636 788 -

259 833 328 875 22.
350 832 534 875 Lacuna
553 846 646 875 non
668 837 738 875 est
757 833 803 876 in
823 834 874 876 A.
897 833 944 877 C.
966 834 1021 878 D.
1044 836 1229 892 ἡβῶντας
1249 836 1301 878 A.

1347 1043 1461 1092 Oec.
1486 1037 1540 1090 ΙΙ.

373 1146 412 1189 2.
435 1146 565 1202 ἔγωγε
586 1149 637 1191 A.
661 1148 707 1192 C.
729 1148 792 1199 D,
823 1154 874 1191 ut
894 1149 1024 1191 etiam
1046 1149 1093 1192 in
1114 1148 1340 1206 Lipsiensi
1361 1160 1441 1194 est.
1481 1174 1533 1181 —
1570 1149 1610 1193 8.
1633 1149 1700 1192 καὶ
1722 1153 1825 1192 ante
1847 1147 2115 1204 ἐπαρκέσειαν
2138 1161 2223 1189 om.
2246 1146 2292 1189 C.
2314 1145 2378 1197 D,
2413 1147 2633 1203 particula

258 1224 304 1265 ἄν
332 1229 442 1280 post
462 1223 551 1267 hoc
571 1225 772 1277 verbum,
811 1241 944 1284 quam
967 1228 1104 1270 scribi
1124 1228 1256 1270 iussit
1276 1228 1583 1279 Heindorfius‚
1620 1227 1803 1284 scripsit
1822 1225 2106 1276 Dindorfius,
2143 1231 2213 1268 est
2238 1225 2285 1267 in
2304 1224 2368 1276 D,
2404 1226 2481 1283 qui
2502 1226 2632 1269 etiam

257 1302 454 1356 ἀφθονίαν
474 1301 625 1345 habet.
654 1327 712 1355 e-
746 1304 786 1346 9.
806 1308 874 1345 νῦν
895 1306 941 1346 δὲ
964 1305 1150 1351 κελεύεις
1172 1308 1461 1361 προστατεύειν
1483 1322 1534 1361 με
1558 1309 1632 1347 σοῦ
1662 1307 1713 1347 A.
1736 1305 1783 1346 C.
1805 1319 1856 1358 με
1879 1319 1953 1344 σου
1974 1303 2029 1345 D.
2061 1327 2111 1334 —
2152 1303 2217 1344 15.
2240 1303 2277 1343 εἰ
2296 1304 2363 1343 καὶ
2386 1304 2423 1344 εἰ
2444 1304 2551 1358 ὕδωρ
2572 1305 2632 1351 A,

254 1381 302 1422 in
334 1380 532 1438 margine
567 1380 592 1435 ἢ
629 1394 713 1437 pro
749 1381 899 1438 priore
936 1383 995 1433 εἰ,
1034 1382 1147 1426 nihil
1185 1389 1430 1441 praeterea.
1491 1382 1627 1436 Quod
1656 1381 1855 1424 Cobetus
1891 1380 1984 1422 Mn.
2018 1379 2126 1429 VII,
2161 1380 2230 1423 84.
2268 1381 2304 1421 εἰ
2338 1386 2442 1423 ante
2477 1380 2632 1421 ἄλλοσε

256 1458 518 1507 tollendum,
540 1457 587 1498 ἄν
609 1463 713 1500 ante
735 1459 893 1506 εἰδότας
915 1461 1199 1503 scribendum
1222 1467 1389 1511 censet,
1411 1460 1742 1503 coniunctionis
1761 1459 2072 1515 repetitionem
2094 1458 2299 1515 equidem
2320 1458 2497 1500 facilius
2517 1457 2630 1505 fero,

256 1534 302 1574 οἶν
328 1533 458 1575 etiam
478 1533 771 1576 Heindorfius
793 1535 1090 1580 desiderabat.
1132 1537 1300 1580 Verum
1321 1538 1366 1580 in
1388 1539 1438 1580 A.
1462 1537 1612 1580 deleto
1636 1537 1672 1577 εἰ
1692 1550 1716 1577 e
1738 1549 1852 1577 corr.
1876 1541 1946 1577 est
1964 1535 2032 1575 καὶ
2054 1534 2118 1575 ἐπὶ
2138 1536 2229 1589 πῦρ.

1333 1741 1446 1789 Oec.
1468 1735 1543 1787 ΙΙΙ.

366 1843 404 1886 2.
425 1845 559 1886 πολλὰ
581 1843 610 1886 δ’
635 1846 830 1892 ἀνιῶντας
851 1848 901 1889 A.
924 1847 979 1889 D.
1021 1871 1075 1878 —
1116 1849 1155 1891 4.
1178 1849 1245 1890 καὶ
1268 1855 1371 1891 ante
1392 1847 1638 1904 παραμένειν
1661 1861 1746 1890 om.
1769 1847 1816 1890 C.
1838 1846 1901 1896 D,
1933 1846 1981 1888 οὐ
2003 1852 2106 1889 ante
2134 1847 2202 1888 καὶ
2223 1848 2342 1887 τοῦτο
2366 1858 2450 1886 om.
2472 1844 2527 1886 D.
2571 1868 2625 1876 —-

250 1921 289 1963 7.
310 1921 424 1964 Post
453 1925 664 1979 κωμῳδῶν
695 1923 895 1966 Cobetus
924 1925 1017 1968 Mn.
1041 1925 1148 1976 Vll,
1185 1927 1253 1969 84.
1289 1927 1446 1969 inserit
1481 1941 1525 1967 τε
1561 1926 1629 1966 καὶ
1663 1925 1898 1980 τραγῳδῶν,
1935 1938 2126 1982 quorum
2157 1923 2623 1966 commemorationem

249 2001 392 2042 omitti
413 2001 569 2042 mirum
592 2001 801 2058 profecto
824 2003 1013 2045 videtur.
1061 2004 1226 2046 Melius
1249 2018 1356 2046 vero
1378 2003 1452 2045 ille
1475 2002 1733 2058 scripsisset
1751 2003 1970 2057 τραγῳδῶν
1991 2018 2036 2043 τε
2057 2003 2125 2043 καὶ
2146 2001 2372 2055 κωμῳδῶν,
2395 2006 2447 2042 ut
2466 1998 2622 2056 paullo

247 2079 375 2128 infra,
413 2085 457 2120 et
478 2077 712 2137 Dionysiis
734 2088 854 2123 certe
875 2081 1048 2138 magnis
1070 2082 1293 2140 trilogiam
1316 2097 1415 2125 cum
1441 2080 1675 2124 comoedia
1695 2080 1768 2138 agi
1789 2079 1968 2122 solitam
1991 2094 2105 2129 esse,
2142 2084 2298 2122 contra
2318 2077 2621 2121 Hei-mannum

247 2155 439 2198 Charicl.
470 2156 502 2198 Ι.
531 2156 628 2199 321.
657 2157 792 2200 docet
821 2158 972 2201 Herm.
1002 2158 1233 2216 Sauppius
1263 2160 1424 2216 Script.
1460 2160 1537 2200 Ac.
1565 2158 1688 2215 Lips.
1712 2158 1821 2215 phil.
1847 2157 1969 2201 1855.
2006 2173 2050 2214 p.
2080 2158 2148 2201 20.
2207 2156 2303 2211 Nec
2331 2170 2438 2199 vero
2475 2155 2620 2198 minus

243 2234 477 2291 ingeniose
521 2234 721 2278 Cobetus
761 2235 991 2294 vulgatam
1036 2237 1301 2294 scripturam
1343 2237 1684 2280 confirmaturus
1725 2235 2008 2278 scribendum
2051 2242 2205 2279 censet
2241 2236 2321 2289 ἐγώ
2351 2250 2397 2276 σε
2429 2232 2532 2275 οἶδα.
2566 2259 2618 2264 --

247 2312 312 2354 ll.
336 2311 428 2368 ἔχοι
452 2311 498 2355 C.
520 2311 706 2355 Lacuna
728 2319 798 2356 est
818 2314 948 2357 etiam
969 2314 1015 2356 in
1035 2313 1089 2356 D.

1331 2441 1440 2491 Oec.
1465 2435 1532 2487 lv.

357 2548 393 2590 l.
429 2548 575 2603 πρέποι
607 2547 654 2589 ἂν
683 2548 730 2591 C.
766 2574 821 2581 —
857 2550 896 2593 2.
933 2551 1266 2606 σκιατραφῆσθαι
1300 2550 1388 2592 fine
1421 2551 1480 2592 ita
1512 2556 1729 2600 correcto,
1765 2556 1816 2591 ut
1851 2565 1886 2591 ει
1923 2549 1993 2600 sit,
2028 2550 2078 2591 A.
2113 2573 2170 2581 -
2206 2548 2245 2590 5.
2272 2545 2417 2590 Etiam
2447 2544 2494 2589 C.
2527 2558 2611 2588 om.

241 2626 438 2679 δασμούς.
472 2650 531 2657 -
566 2625 605 2668 6.
638 2625 774 2678 Quod
805 2628 1006 2670 Cobetus
1035 2629 1127 2670 Mn.
1149 2627 1257 2677 VII,
1279 2627 1348 2670 86.
1371 2629 1505 2670 scribi
1527 2627 1673 2669 voluit
1692 2627 1860 2682 πέμπων
1883 2628 2115 2679 ἐπισκοπεῖ,
2136 2625 2183 2668 id
2203 2625 2288 2667 iam
2310 2623 2613 2667 Schneiderus

240 2702 286 2744 in
323 2717 428 2744 cura
463 2718 545 2746 sua
579 2705 777 2749 secunda
811 2706 971 2750 voluit.
1033 2706 1150 2749 Sunt
1186 2706 1301 2749 enim
1337 2706 1393 2749 ad
1423 2705 1673 2763 exemplum
1709 2704 1920 2748 editionis
1957 2705 2065 2756 eius,
2102 2704 2227 2762 quod
2261 2703 2307 2746 in
2334 2699 2613 2746 bibliotheca

242 2780 549 2823 universitatis
569 2782 937 2827 Vratislaviensis
966 2792 1048 2835 est,
1085 2785 1274 2840 plurima
1295 2785 1351 2826 ab
1373 2785 1475 2840 ipso
1499 2786 1555 2827 ad
1573 2785 1813 2841 marginem
1835 2785 2075 2841 adscripta.
2135 2784 2172 2839 ξ.
2193 2782 2234 2826 8.
2256 2783 2424 2836 πέμπων
2445 2781 2612 2827 πιστοὺς

240 2860 527 2901 ἐπισκοπεῖται.
588 2859 704 2902 Sunt
731 2862 897 2916 ἔφοδοι,
941 2862 997 2905 de
1028 2864 1194 2919 quibus
1222 2879 1263 2905 v.
1289 2862 1454 2919 Cyrop.
1476 2861 1524 2911 8,
1555 2861 1602 2912 6,
1628 2863 1692 2905 16.
1752 2862 1920 2905 Verum
1942 2861 2068 2919 quod
2088 2860 2288 2904 Cobetus
2309 2858 2530 2901 infinitivo
2553 2857 2610 2901 ad

237 2940 387 2989 πέμπει
409 2935 566 2980 addito
587 2937 754 2981 rariore
774 2938 852 2981 illo
875 2939 1057 2997 quidem
1080 2941 1281 2984 offensus
1301 2941 1466 2983 mederi
1488 2940 1592 2983 loco
1615 2939 1782 2990 voluit,
1818 2939 1875 2983 cf.
1896 2939 2073 2982 Hellen.
2095 2939 2140 2989 3,
2173 2938 2217 2986 1,
2247 2936 2287 2980 7.
2317 2936 2541 2993 πέμπουσιν
2572 2936 2610 2977 οἱ

235 3012 381 3067 ἔφοροι
417 3014 665 3056 ἀπολιπόντα
699 3016 875 3070 Λάρισαν
909 3018 1207 3072 στρατεύεσθαι
1242 3020 1307 3060 ἐπὶ
1339 3016 1508 3072 Καρίαν.
1547 3018 1593 3067 2,
1637 3018 1706 3060 22.
1757 3017 1924 3071 Ἀγιδος
1960 3016 2220 3072 πεμφθέντος
2255 3015 2390 3057 θῦσαι.
2449 3013 2502 3056 In
2535 3013 2610 3056 his

233 3090 421 3133 verbum
450 3090 624 3146 πέμπειν
653 3106 804 3135 secum
833 3092 971 3137 habet
996 3095 1123 3137 verbi
1151 3095 1334 3137 κελεύειν
1363 3095 1744 3153 significationem.
1782 3119 1837 3125 —
1875 3093 1940 3137 10.
1969 3093 2122 3136 Altera
2148 3092 2311 3136 lacuna
2338 3106 2432 3135 non
2463 3097 2533 3134 est
2560 3091 2607 3134 iu

229 3169 285 3213 D.
317 3194 373 3202 —
413 3169 479 3212 13.
518 3169 803 3225 ἐπιμελεῖσθαι
838 3170 990 3213 τούτων
1021 3172 1064 3215 Α.
1090 3187 1313 3229 superscr.
1342 3188 1429 3226 ται,
1464 3179 1595 3215 antea
1625 3173 1814 3229 τρέπεται
1838 3187 1976 3230 supra
1996 3171 2177 3216 alteram
2195 3170 2323 3214 'verbi
2346 3176 2530 3227 partem.
2554 3194 2607 3200 -
