2890 3595
1320 103 1345 144 7

152 238 317 283 babilis
346 237 524 310 quidem
546 237 765 280 Matthiae
791 237 1103 292 interpretatio
1126 242 1196 278 est
1215 235 1457 277 verborum
1478 234 1614 290 ὥςπερ
1635 236 1886 290 τυραννίδος,
1914 235 2110 291 probata
2129 237 2260 278 etiam
2280 235 2516 279 Dindorfio

158 323 203 360 et
220 316 489 359 Hertleinio.
548 315 716 358 Verum
738 315 869 356 etiam
891 312 944 354 G.
963 312 1247 354 Hermannus
1267 311 1431 355 Aesch.
1451 312 1506 354 ΙΙ.
1530 313 1624 355 114.
1652 313 1679 367 ἢ
1701 314 1836 368 ὥςπερ
1857 313 1994 356 scribi
2013 311 2179 362 voluit,
2201 313 2279 368 qui
2301 323 2439 370 quum
2459 316 2518 360 ὡς

152 407 237 451 pro
259 393 286 448 ἤ
307 393 395 435 dici
415 407 553 449 posse
575 392 679 433 olim
697 391 754 433 ad
770 391 872 448 vig.
890 389 988 432 720.
1008 389 1135 431 visus
1155 396 1277 432 esset
1291 390 1558 442 existimare,
1580 396 1820 446 antequam
1839 405 1936 433 eam
1953 392 2218 435 sententiam
2233 391 2292 435 ad
2306 389 2516 447 Aeschyl.

152 471 302 513 Prom.
325 471 423 512 630.
444 474 721 516 retractaret,
744 468 917 510 exstitit
935 467 980 508 in
999 465 1121 509 Diar.
1143 466 1345 524 Gotting.
1369 464 1493 509 1843.
1518 465 1583 510 12.
1603 482 1648 523 p.
1673 467 1767 518 117,
1789 468 1868 524 qui
1886 469 2105 525 repetitae
2125 468 2246 512 illius
2267 469 2518 512 sententiae

155 555 297 591 testes
317 549 448 590 locos
467 545 697 603 Aeschyli,
718 543 904 587 Solonis
923 544 970 587 in
988 543 1158 587 Jambis
1187 543 1367 601 (Bergk.
1388 542 1572 587 Anthol.
1592 543 1676 602 lyr.
1697 544 1765 595 36,
1790 544 1855 589 18.
1875 560 1919 603 p.
1942 532 2036 601 21),
2065 545 2367 604 Xenophanis
2394 546 2519 604 apud

154 624 429 669 Athenaeum
444 623 548 668 XII.
566 622 663 667 526.
680 623 731 666 A.
747 627 793 666 et
807 626 1009 665 nostrum
1027 636 1127 666 esse
1142 621 1290 666 vellet.
1306 646 1362 652 ——
1385 620 1451 664 18.
1472 621 1702 678 συρείησαν.
1717 646 1773 653 -
1796 622 1861 666 19.
1883 622 2036 666 ἄτοπον
2057 624 2131 666 ὅτι.
2150 648 2200 655 -
2223 623 2292 667 20.
2309 622 2518 679 ἀπεληλῦ-

154 705 311 746 ὓεισαν.
342 728 399 735 —
428 703 497 746 24.
518 701 710 746 πλείονας
731 725 789 731 -
809 699 960 754 γίνεται
984 725 1035 732 -
1063 701 1110 742 δὲ
1139 700 1295 756 ἀνάγκη
1318 725 1371 730 -
1399 702 1472 754 τὴν
1499 699 1611 741 πόλιν
1635 703 1714 742 τῶν
1742 702 1973 756 ἑλληνίδων.
2003 725 2060 734 -
2089 701 2158 745 26.
2188 702 2307 744 δοκεῖ
2330 703 2438 757 ἡμῖν.
2461 724 2518 733 —-

152 781 221 825 27.
243 782 503 837 αἰσθάνομαι.
521 778 674 822 Recte.
706 803 762 809 —
793 777 860 821 28.
883 777 936 823 ἐξ.
957 778 1066 833 ἡμᾶς
1091 805 1135 810 -
1163 777 1219 824 εἰς
1243 778 1349 833 ὑμᾶς
1370 802 1424 810 -
1446 777 1514 819 καὶ
1533 778 1651 833 ἡμεῖς
1672 779 1740 820 καὶ
1761 779 1890 833 ὑμεῖς.
1951 779 2003 822 In
2023 779 2097 823 his
2123 779 2228 823 libri
2256 778 2517 823 auctoritati

155 855 553 915 obtemperandum
580 854 760 898 videtur
786 870 900 898 esse.
931 880 986 885 —
1024 854 1092 897 29.
1121 855 1236 909 ἡμῶν
1264 869 1310 897 τε
1338 855 1406 896 καὶ
1427 855 1539 910 ὑμῶν
1561 878 1613 885 -
1644 854 1690 896 ἂν
1719 860 1824 898 ante
1850 857 2085 912 προδιδόντα
2112 871 2206 900 non
2235 871 2320 900 om.
2340 857 2397 908 D,
2423 871 2517 899 non

153 945 274 980 recte
296 935 446 978 omisit
463 933 774 977 Breitenbach.
832 934 986 975 Habet
1003 932 1183 989 quidem
1202 932 1319 975 idem
1337 931 1453 974 liber
1473 938 1604 975 antea
1624 932 1812 986 γίνονται,
1834 933 1960 991 quod
1984 934 2263 978 Hertleinius
2284 949 2376 978 non
2395 940 2517 978 recte

157 1021 306 1072 negat,
328 1019 449 1057 recte
469 1025 640 1069 negans
660 1009 960 1068 recipiendam
977 1009 1166 1053 formam
1183 1023 1296 1053 esse.
1336 1008 1481 1052 Etiam
1499 1010 1535 1066 §-
1551 1010 1618 1053 34.
1636 1011 1682 1053 in
1697 1010 1815 1054 libro
1837 1016 1907 1054 est
1925 1011 2213 1066 γινωσκόντων.
2229 1037 2285 1043 -
2305 1013 2375 1056 30.
2390 1014 2517 1068 τιμώ-

155 1108 277 1147 μενος
299 1116 353 1124 —
375 1091 547 1144 ἄγνωτα.
567 1111 623 1120 —
644 1088 713 1130 31.
736 1087 806 1128 ἀπ’
827 1087 1068 1144 ἀμφοτέρων
1087 1088 1143 1130 D.
1165 1111 1221 1118 —
1242 1086 1310 1129 33.
1333 1088 1379 1129 δὲ
1401 1086 1464 1128 οὔ.
1486 1111 1536 1119 ——
1567 1087 1635 1131 38.
1658 1088 2000 1143 ὁμολογουμένως
2025 1114 2072 1120 -
2096 1090 2224 1132 τᾶύτὰ
2245 1091 2516 1145 ἐγινώσκομεν

153 1194 208 1199 -
228 1167 437 1222 καγαθοὺς
458 1190 514 1195 -
536 1167 759 1218 γινώσκειν.
780 1188 836 1194 -
856 1164 925 1206 39.
948 1164 1044 1205 οὐδε
1067 1164 1121 1206 έν.
1140 1182 1199 1195 -—
1217 1164 1286 1206 40.
1309 1163 1370 1217 ὑφ’
1396 1164 1508 1217 ὑμῶν
1531 1189 1581 1196 -
1606 1166 1694 1218 ὑμῖν
1715 1190 1771 1197 -
1791 1164 1859 1205 ὅτε
1881 1180 1966 1207 om.
1989 1190 2042 1197 —-
2064 1167 2133 1208 44.
2154 1168 2331 1221 νομίζειν
2354 1169 2516 1221 συμμά-

154 1261 239 1302 χων
261 1246 450 1298 νομίζειν.
471 1267 526 1272 -
546 1242 615 1283 47.
638 1257 737 1282 ποτε
760 1257 845 1284 om.
907 1242 1009 1293 Qua
1029 1241 1208 1297 quidem
1229 1256 1277 1283 re
1297 1241 1546 1297 paullulum
1566 1241 1747 1284 videtur
1766 1242 2051 1298 comprobari
2071 1257 2208 1299 posse
2231 1244 2391 1288 Cobeti
2413 1259 2514 1287 sen-

152 1322 306 1372 tentia,
329 1321 407 1379 qui
427 1320 534 1362 Var.
555 1319 698 1361 Lectt.
719 1333 764 1375 p.
787 1320 884 1370 373,
905 1320 984 1361 ubi
1003 1319 1059 1361 de
1078 1318 1185 1375 Lys.
1209 1333 1273 1361 or.
1297 1318 1364 1368 12,
1387 1317 1456 1360 29.
1477 1319 1638 1375 agitur,
1667 1317 1773 1361 Non
1794 1319 2143 1376 coniunguntur,
2163 1320 2330 1377 inquit,
2351 1321 2450 1363 ποτέ
2472 1326 2518 1364 et

153 1401 234 1452 καί,
253 1400 469 1443 alterutro
485 1403 687 1447 utuntur,
704 1397 750 1439 in
766 1399 915 1440 verbis
932 1398 1126 1440 oratoris
1146 1395 1256 1451 παρὰ
1276 1399 1349 1437 τοῦ
1371 1412 1469 1437 ποτε
1484 1397 1553 1437 καὶ
1570 1397 1754 1453 λήψεσθε
1774 1398 1911 1453 δίκηνς
1932 1397 2197 1454 particulam
2216 1399 2316 1440 ποτέ
2336 1398 2515 1441 uncinis

153 1478 402 1522 includens.
461 1477 552 1519 Sed
572 1476 661 1517 vid.
684 1475 862 1517 Scheib.
882 1476 1043 1517 Annal.
1063 1475 1187 1531 Lips.
1207 1474 1326 1516 Nov.
1348 1474 1499 1530 suppl.
1523 1474 1647 1517 1855.
1666 1475 1700 1518 Ι.
1723 1475 1819 1518 368.
1848 1501 1903 1507 -
1933 1477 2002 1519 48.
2024 1477 2267 1531 ἡγουμένην.
2294 1503 2350 1509 -
2380 1478 2449 1520 51.
2470 1479 2516 1519 δὲ

156 1557 350 1605 εἰςελῦὼν
373 1579 425 1587 -
448 1554 613 1609 νομίζου
635 1578 690 1584 -
719 1553 865 1594 ἅπασιν
893 1553 986 1608 ἡμῖν
1015 1565 1239 1609 superscr.
1261 1551 1298 1593 ὑ.
1329 1575 1385 1582 —-
1420 1552 1489 1595 52.
1521 1552 1602 1608 ἔφη
1633 1567 1718 1595 om.
1749 1578 1804 1583 —
1831 1555 1898 1595 καὶ
1928 1555 2020 1609 ἐμοὶ
2048 1556 2116 1596 καὶ
2148 1556 2250 1609 ὑμῖν,
2278 1562 2399 1598 recte
2426 1555 2516 1599 hoc

155 1633 347 1692 quidem,
368 1639 420 1675 ut
439 1632 628 1675 videtur.
649 1656 706 1662 —
727 1630 794 1672 53.
817 1631 1093 1683 γινώσκοντες.
1117 1655 1165 1661 -
1191 1629 1258 1672 56.
1282 1629 1319 1670 οἳ
1340 1629 1386 1671 δ’.

1185 1834 1319 1884 nell.
1343 1831 1404 1894 ll,
1427 1834 1476 1884 4.

266 1945 305 1988 3.
329 1944 476 1989 αὐτοὺς
498 1943 814 1987 ἀποκλείσαντες
838 1965 886 1970 -
912 1941 956 1981 οἵ
971 1942 1017 1982 δε
1038 1957 1117 1997 νιφ.
1143 1966 1193 1971 -
1214 1942 1254 1982 4.
1276 1942 1321 1982 ἐκ
1343 1945 1422 1983 τῶν
1444 1942 1619 1999 ἐχθρῶν.
1638 1942 1757 1999 --6.
1778 1944 1846 1983 καὶ
1869 1943 1975 1984 ἔστιν
1995 1944 2066 1989 οὓς
2089 1946 2163 1999 μὲν
2184 1946 2330 1987 αὐτῶν.
2389 1946 2517 1989 Bona

153 2025 387 2081 scriptura.
412 2047 459 2053 —
488 2023 527 2064 7.
550 2023 784 2076 στήσαντες,
806 2021 1159 2074 συσκευασάμενοι
1180 2044 1235 2050 —
1257 2018 1286 2059 δ’
1312 2019 1353 2064 ἐξ
1375 2045 1429 2050 -
1451 2020 1481 2061 δ’
1505 2021 1599 2066 ἕως.
1618 2046 1675 2052 -
1696 2020 1737 2062 8.
1760 2020 1892 2075 σφίσιν
1914 2046 1970 2052 -
1991 2022 2037 2063 δὲ
2060 2023 2204 2078 dito-(p.
2227 2050 2280 2057 —
2309 2025 2349 2067 9.
2373 2028 2518 2069 ὦδεῖον

152 2126 206 2133 —
229 2100 545 2155 συνειλεγμένων
574 2123 618 2129 --
641 2079 769 2139 ταᾶτὰ
789 2097 945 2140 ultima
965 2096 1066 2154 syll.
1089 2111 1124 2139 s.
1146 2097 1176 2140 l.
1199 2123 1253 2128 —
1276 2097 1458 2139 ἐκέλευε.
1481 2123 1534 2129 -
1558 2097 1624 2141 10.
1646 2099 1714 2140 καὶ
1734 2100 1816 2143 τοῖς
1837 2097 1918 2141 ἵππ.
1941 2099 2111 2142 omisso
2132 2101 2211 2146 ξύν.
2235 2127 2291 2134 —
2321 2104 2387 2146 ll.
2405 2104 2518 2147 οὔπω

151 2182 319 2223 πολλοῖς
343 2177 433 2219 οὖσι
462 2191 546 2219 om.
570 2191 663 2217 συνε
685 2191 720 2217 s.
740 2175 771 2218 l.
793 2201 848 2206 —
868 2175 960 2230 περὶ
980 2175 1052 2230 τὴν
1073 2190 1187 2229 μουν.
1213 2175 1346 2218 Bene.
1366 2199 1424 2207 —
1445 2175 1482 2216 οἱ
1504 2176 1549 2217 δὲ
1570 2175 1631 2217 ἐκ.
1660 2199 1716 2206 -
1747 2174 1812 2218 12.
1844 2175 2160 2233 ἀντενέπλησαν.
2189 2179 2341 2224 Recte.
2370 2183 2518 2227 Antea,

154 2258 373 2311 ἐμπλῆσαι.
431 2253 504 2296 Ita
524 2254 654 2296 etiam
677 2254 786 2297 Cob.
809 2254 901 2296 Mn.
923 2253 956 2295 Ι.
979 2252 1076 2296 312.
1106 2252 1241 2295 scribi
1259 2252 1418 2295 voluit.
1460 2276 1515 2283 —
1556 2252 1666 2307 ψιλοὶ
1693 2253 1762 2294 καὶ
1790 2252 2033 2295 ἀκοντισταὶ.
2073 2280 2129 2287 -—
2171 2258 2237 2301 13.
2264 2262 2425 2303 πολίται
2463 2287 2515 2294 -

155 2335 267 2376 οὖτοι
288 2336 352 2388 δὴ.
399 2332 502 2374 Hoc
523 2331 586 2373 ita
606 2346 763 2374 verum
785 2338 867 2382 est,
889 2338 940 2374 ut
960 2337 1006 2374 et
1025 2330 1165 2374 altera
1185 2331 1408 2387 scriptura
1429 2329 1474 2372 δέ
1496 2335 1541 2372 et
1561 2329 1784 2373 sententia
1805 2329 1964 2374 Cobeti
1981 2331 2035 2375 V.
2057 2333 2106 2377 L.
2129 2334 2225 2378 290.
2246 2336 2339 2380 Mn.
2361 2337 2395 2389 1,
2417 2340 2514 2383 312.

152 2411 233 2462 VI,
258 2411 353 2455 178.
375 2410 514 2454 verba
535 2409 645 2451 οὖτοι
666 2411 715 2464 δὴ
741 2410 778 2450 οἱ
799 2410 1008 2465 τριάκοντα.
1031 2407 1222 2451 delentis
1244 2408 1537 2465 improbanda
1557 2408 1762 2451 videatur
1783 2424 1896 2453 esse.
1944 2410 2030 2462 Qui
2044 2411 2089 2454 in
2108 2412 2226 2455 laeva
2246 2415 2390 2459 ultim·
2403 2427 2514 2472 sunt,

153 2490 225 2534 illi
240 2505 334 2532 vero
361 2487 435 2531 vel
461 2488 535 2530 illi
556 2488 645 2543 ipsi
668 2487 954 2545 Triqz'ntavzh‘
973 2495 1082 2530 sunt.
1113 2511 1166 2519 -
1193 2487 1353 2532 πόλεως
1376 2511 1428 2517 -—
1458 2487 1515 2528 ὅτι
1537 2501 1760 2543 superscr.
1784 2487 1831 2529 οὗ
1854 2495 1899 2530 et
1918 2504 1968 2531 οι.
2028 2487 2161 2540 Quod
2188 2494 2423 2547 praecedit
2451 2496 2513 2546 οὔ,

153 2582 246 2611 non
268 2580 384 2624 opus
407 2570 477 2608 est
497 2579 595 2607 cum
619 2564 791 2608 Cobeto
813 2566 906 2607 Mn.
928 2563 1008 2615 IV,
1037 2564 1133 2607 275.
1162 2564 1240 2614 Vl,
1266 2565 1359 2608 178.
1387 2565 1434 2607 in
1463 2565 1504 2606 οἷ
1528 2571 1736 2607 mutetur.
1768 2589 1821 2595 —
1855 2566 1919 2607 15.
1942 2565 2140 2620 ἀφιέντες.
2172 2593 2225 2600 -
2260 2570 2325 2612 17.
2348 2572 2396 2626 ἢν
2418 2572 2515 2619 θεὸς

152 2647 274 2700 θέλῃ.
296 2670 350 2676 ——
375 2643 440 2687 18.
462 2644 729 2698 παρήγγειλεν
752 2643 923 2698 scripto
946 2658 965 2683 ε
988 2656 1125 2698 supra
1148 2658 1183 2683 ει
1204 2649 1248 2685 et
1269 2645 1293 2684 λ
1312 2648 1422 2699 post
1441 2643 1638 2686 alteram.
1681 2644 1909 2686 Correctio
1931 2643 2066 2685 bona.
2087 2669 2141 2675 —
2162 2646 2280 2702 πέση.
2339 2648 2516 2706 Legen-

153 2723 258 2766 dum
277 2723 365 2778 πρὶν
387 2721 434 2764 ἂν
454 2725 531 2762 τῶν
554 2719 806 2775 σφετέρων-ἲ,
836 2719 943 2774 πέσῃ
971 2735 1030 2765 τις
1050 2720 1076 2775 ἢ
1097 2718 1250 2774 τρωθῇ.
1279 2718 1345 2762 Cf.
1368 2720 1408 2769 3,
1433 2720 1469 2771 l,
1494 2721 1559 2762 15.
1599 2745 1644 2752 —
1688 2721 1752 2763 19.
1782 2722 1826 2761 δὲ
1847 2720 2034 2763 ἐνταῦθα.
2070 2745 2123 2752 -
2160 2722 2229 2765 20.
2258 2727 2326 2766 καὶ
2349 2725 2517 2782 Ευστρα-

155 2805 292 2843 τιῶται
313 2813 398 2842 om.
430 2821 483 2829 —-
513 2795 581 2839 22.
604 2797 748 2838 αὑτῶν.
788 2798 932 2838 Antea
952 2797 1022 2837 καί
1040 2809 1187 2853 neque
1207 2803 1311 2838 ante
1331 2811 1479 2854 neque
1498 2804 1609 2854 post
1630 2797 1819 2853 ἔχθιστον
1842 2797 1988 2840 codex
2010 2800 2188 2843 omittit.
2220 2826 2272 2831 ——
2308 2802 2377 2845 23.
2401 2804 2515 2846 εὐτό·

151 2894 252 2926 νως,
281 2876 407 2934 quod
426 2890 520 2919 non
540 2876 603 2919 ita
623 2873 917 2931 improbabile
937 2880 1007 2916 est
1024 2880 1076 2917 ut
1096 2875 1240 2917 visum
1261 2879 1331 2917 est
1349 2875 1662 2917 Bornemanno
1684 2875 1825 2917 conv.
1847 2889 1890 2931 p.
1919 2875 2010 2918 129.
2069 2877 2193 2921 Hier.
2215 2879 2256 2930 9,
2277 2880 2317 2922 6.
2338 2881 2385 2922 in
2407 2882 2515 2923 ἐντό-

150 2972 229 3001 νως
256 2955 459 2999 mutanti.
490 2980 544 2986 -
574 2952 648 2996 οὐκ
677 2951 834 3008 ἔφασαν
864 2954 1024 3008 χρῆναι.
1062 2976 1116 2982 -
1140 2951 1220 2994 25.
1248 2952 1398 2993 πολλοί
1421 2967 1465 2994 τε
1494 2952 1606 2998 ὄντες
1637 2952 1804 2994 omisso
1832 2953 1913 3010 ἤδη
1935 2978 1991 2984 --
2013 2954 2169 3001 εἴτινες
2189 2981 2245 2987 -
2266 2959 2438 3000 ὁπλῖται.
2461 2983 2516 2990 -

150 3031 219 3076 27.
239 3031 534 3090 προςέβαλλον,
560 3030 681 3089 quod
697 3035 817 3074 recte
833 3028 1093 3072 Dindorfius
1113 3029 1295 3086 recepit,
1325 3029 1653 3072 commendavit
1673 3030 1875 3073 Cobetus
1895 3032 1988 3074 Mn.
2011 3032 2046 3084 I,
2068 3035 2164 3076 312.
2188 3059 2241 3066 —
2269 3035 2337 3077 29.
2360 3036 2516 3077 ἐλευσί-

151 3112 248 3153 ναὸε
268 3135 324 3143 -
344 3109 698 3165 πελοποννησίους.
733 3103 791 3141 -”
817 3107 884 3151 30.
915 3108 1143 3150 συνείποντο
1166 3132 1218 3139 --
1244 3107 1473 3162 ἐγίνωσκον.
1506 3132 1556 3140 -
1587 3108 1657 3152 33.
1688 3109 1845 3151 ὁπλῖται
1869 3134 1919 3142 -
1943 3112 2159 3168 πειραιὲως
2182 3137 2235 3143 -
2266 3114 2440 3155 ἐνταῦθα
2469 3115 2515 3155 δὲ
