2890 3595
1352 99 1380 142 9

181 234 230 276 δὲ
257 233 326 275 καὶ
354 231 480 274 οὗτοι.
539 229 801 287 Schwidop.
821 232 890 273 καὶ
911 230 1030 274 αὐτοί
1035 264 1046 282 ,
1076 248 1118 275 v.
1139 247 1241 276 ann.
1264 232 1321 275 ad
1346 233 1383 284 1,
1404 233 1444 283 6,
1466 233 1535 278 29.
1592 232 1862 276 Pantazides
1885 232 2075 276 Macedo
2097 233 2126 275 δ’
2150 233 2198 276 ἐκ
2219 234 2365 276 τούτου
2387 234 2551 278 Emen-

182 310 296 354 datt.
315 309 364 352 in
381 308 497 353 Xen.
517 323 564 366 p.
583 309 621 352 1.
643 307 845 367 Gotting.
865 308 988 354 1858.
1008 324 1054 367 p.
1071 310 1140 352 27.
1162 334 1217 341 —
1243 311 1308 353 15.
1330 312 1519 366 μνήματα
1538 317 1591 354 ut
1609 317 1742 354 antea
1762 317 1808 354 et
1826 326 1915 354 usu
1933 309 2288 368 Xenophonteo.
2310 336 2366 342 —
2390 313 2455 356 16.
2477 314 2552 369 μὲν

181 404 270 436 om.
298 394 407 448 post
432 387 711 444 ἑκατέρωθεν,
740 393 793 431 ut
817 388 906 431 iam
931 388 1103 446 pridem
1122 388 1270 432 voluit
1291 388 1500 434 Dindorf.
1531 414 1587 422 —
1619 389 1685 433 17.
1709 391 1929 446 μαιάνδρω.
1960 414 2017 421 —-
2050 389 2115 433 18.
2145 389 2172 432 ἃ
2194 389 2333 446 μέντοι
2353 391 2481 432 ταῦτα
2501 391 2551 446 δὴ

181 472 326 520 ποιεῖν,
345 467 467 510 πιστὰ
486 466 555 509 καὶ
575 466 769 522 ὁμήρους.
808 466 974 511 Ultima
992 483 1112 511 nunc
1132 474 1254 511 recte
1272 468 1444 524 recepit
1464 467 1737 519 Dindorfius‚
1758 484 1801 511 v.
1822 468 1965 512 Hertl.
1989 467 2125 512 Obss.
2145 467 2201 512 II.
2223 466 2262 510 6.
2285 492 2337 499 —
2368 467 2437 511 21.
2461 467 2555 522 ἐκή-

183 561 337 602 ρυττον.
371 569 427 576 -
458 543 527 587 24.
555 546 639 590 τοῖς
661 545 752 587 λακ.
776 543 915 592 οὔσας.
950 569 1004 577 -
1036 545 1104 592 28.
1133 545 1328 602 ἐξέφερον
1348 561 1438 588 usu
1465 545 1522 588 de
1548 560 1598 588 re
1625 546 1788 589 bellica
1815 547 2139 606 frequentiore.
2202 545 2411 589 Ceterum
2439 544 2553 587 haec

184 622 324 666 verba
344 627 463 673 sunt,
492 635 609 680 quae
628 621 686 663 H.
707 621 966 679 Stephanus
993 623 1039 665 in
1066 623 1303 666 Thesauro
1332 635 1427 663 non
1454 636 1563 664 sane
1591 629 1700 679 apto
1729 624 1833 665 loco
1863 625 2037 674 attulit,
2067 639 2189 666 nova
2219 623 2357 665 editio
2389 637 2431 678 p.
2453 623 2552 666 626.

185 699 509 757 Xenophontis
539 714 638 741 esse
666 700 858 756 negavit.
900 724 957 731 -
995 700 1062 742 29.
1092 715 1178 755 στρ.
1207 701 1421 755 διαφῆκεν.
1480 698 1547 742 Ita
1570 699 1618 750 2,
1640 700 1708 742 24.
1742 702 1789 750 4,
1810 701 1857 751 4,
1883 702 1948 744 13.
1989 704 2105 758 διῆκε
2126 701 2166 752 2,
2188 701 2228 751 4,
2251 700 2322 743 39.
2357 701 2398 750 4,
2420 701 2460 750 4,
2486 700 2551 743 19.

186 779 226 826 5,
248 777 288 826 2,
309 778 378 819 43.
414 778 454 826 5,
475 777 516 826 4,
537 777 608 819 41.
629 776 697 818 59.

1219 978 1354 1028 nen.
1377 974 1452 1037 111,
1476 976 1523 1028 3.

305 1091 344 1135 1.
365 1090 589 1147 βασιλείας.
611 1089 671 1132 ὅτι
692 1089 730 1130 οἱ
752 1088 825 1144 μὲν
847 1087 1115 1144 λεωτυχίδης.
1151 1112 1207 1118 -
1241 1086 1281 1131 2.
1310 1087 1332 1129 ὁ
1354 1087 1531 1142 ἀδελφὸς
1551 1087 1618 1129 καὶ
1639 1086 1674 1129 ὦ
1696 1087 1907 1144 βασιλεύοι
1927 1089 2002 1144 ἐμὲ
2027 1114 2080 1121 -—
2101 1090 2163 1132 ὅτι
2184 1090 2226 1132 ὃν
2250 1105 2312 1131 τοι
2333 1091 2473 1135 καλεῖς
2497 1113 2552 1120 -

187 1168 316 1224 ἔφυσε
342 1168 411 1209 καὶ
439 1167 586 1222 ἐφάνη.
646 1165 757 1208 Cob.
778 1164 872 1206 Mn.
893 1164 933 1213 1,
955 1164 1058 1214 314,
1089 1165 1213 1221 quod
1240 1165 1365 1220 apud
1385 1163 1665 1207 Dindorfium
1686 1171 1774 1213 est,
1796 1166 1856 1206 ὅτι
1878 1167 1920 1207 ὃν
1941 1166 1987 1208 τὺ
2009 1170 2160 1213 καλεῖς.
2220 1170 2365 1210 Antea
2393 1168 2469 1222 ἐμὲ
2497 1168 2552 1208 ὧν

188 1245 275 1286 δέει
296 1243 524 1301 βασιλεύειν
546 1242 703 1301 Bergk.
727 1242 847 1285 Diar.
870 1242 988 1284 stud.
1010 1243 1149 1300 antiq.
1174 1243 1294 1286 1852.
1315 1242 1410 1299 p.9.
1434 1240 1589 1285 Cobet.
1612 1240 1704 1284 Mn.
1726 1241 1806 1292 VI,
1827 1242 1898 1285 49:
1923 1241 1986 1299 ἀφ’
2013 1243 2060 1285 οὖ
2082 1243 2157 1299 γὰρ
2181 1243 2255 1286 οὐκ
2276 1243 2407 1299 ἐφάνη
2431 1244 2473 1286 ἐν
2494 1246 2556 1300 τῷ

188 1321 365 1376 θαλάμῳ
395 1322 554 1376 δεκάτῳ
584 1323 677 1376 μηνὶ
706 1321 751 1362 τὺ
782 1320 897 1376 ἔφυς.
957 1320 1127 1364 Verum
1148 1321 1203 1364 de
1225 1321 1313 1363 hoc
1341 1334 1527 1378 quoque
1554 1318 1659 1361 loco
1688 1319 1798 1361 satis
1826 1318 1905 1362 illo
1936 1320 2117 1377 quidem
2145 1320 2361 1378 impedito
2384 1320 2553 1378 optime

189 1397 349 1439 meruit
367 1396 417 1439 L.
441 1397 713 1440 Dindorfius.
743 1422 798 1428 —
828 1397 868 1439 4.
891 1399 1142 1452 σημαίνεται.
1161 1422 1219 1429 -
1248 1399 1286 1438 5.
1315 1400 1384 1438 καὶ
1404 1397 1597 1451 γέροντας
1619 1411 1704 1438 om.
1763 1396 1834 1438 Ab
1855 1397 1983 1438 initio
2005 1399 2185 1443 νεανικὸς
2207 1406 2385 1453 praeter
2403 1398 2553 1440 Nabe-

189 1490 308 1525 rum,
338 1489 469 1531 quem
499 1474 759 1517 Dindorfius
789 1481 1123 1525 commemorat,
1153 1476 1288 1516 scribi
1317 1474 1450 1515 etiam
1474 1471 1636 1515 volunt
1664 1470 1962 1516 Schoemann.
2025 1473 2210 1527 Quaest.
2238 1474 2295 1518 de
2321 1474 2554 1518 Homoeis.

194 1553 318 1596 1855.
339 1568 384 1608 p.
410 1552 474 1594 13.
497 1559 542 1594 et
563 1551 762 1594 Cobetus
781 1552 944 1594 Mnem.
964 1551 1006 1599 I,
1027 1551 1123 1593 314.
1144 1550 1201 1593 V.
1222 1551 1273 1593 L.
1295 1550 1392 1593 260.
1423 1574 1478 1582 -—
1512 1549 1552 1592 7.
1583 1549 1722 1601 εἰπεῖν,
1748 1553 1804 1596 ὡς
1827 1550 1916 1592 ὅσοι
1936 1566 1981 1604 γε
2002 1551 2132 1606 δήπου
2162 1575 2217 1582 -
2245 1551 2394 1598 ἀξίνας.
2422 1552 2555 1594 πολλὰ

190 1632 238 1672 δὲ
260 1631 321 1685 δρ.
344 1654 399 1660 —
420 1631 537 1671 πάλιν
559 1628 628 1671 οὖν
649 1654 705 1660 -
726 1628 870 1684 μέλλει
890 1631 1028 1672 ταῦτα.
1058 1653 1111 1660 -
1139 1627 1181 1670 8.
1200 1627 1458 1683 καλουμένην
1481 1641 1566 1668 om.
1588 1650 1644 1656 —
1665 1626 1805 1668 αὐτόθι
1828 1626 1992 1681 ἐλέγετο
2016 1627 2129 1671 εἶναι.
2155 1652 2215 1661 -
2240 1628 2279 1671 9.
2303 1628 2555 1684 συμπέμψαι.

190 1709 259 1749 καὶ
279 1707 374 1753 τοὺς
396 1706 466 1749 σὺν
487 1706 618 1759 αὐτῶ,
641 1706 680 1749 οἳ
700 1706 747 1748 ἂν
768 1722 802 1748 τ.
822 1722 863 1747 π.
922 1704 1076 1749 Verba
1103 1705 1146 1752 ἓξ
1173 1705 1199 1761 ἢ
1222 1705 1325 1747 ἑπτά
1343 1703 1458 1746 liber
1478 1718 1616 1760 supra
1636 1703 1672 1760 ἓ.
1694 1703 1734 1746 4.
1756 1703 1954 1748 habebat
1972 1704 2076 1749 loco
2099 1706 2340 1748 verborum
2361 1706 2405 1747 τὸ
2426 1705 2556 1761 τρίτον

190 1784 285 1840 ἤδη.
311 1809 354 1816 -
385 1784 452 1827 11.
473 1783 562 1827 ἐπεὶ
582 1783 855 1840 δειλημμένου
876 1809 932 1815 -
953 1784 1009 1825 ὧν
1029 1782 1212 1826 Κινάδων
1234 1783 1402 1825 omisso
1424 1781 1630 1824 articulo.

1217 1989 1351 2038 Heu.
1376 1983 1450 2047 111,
1472 1986 1522 2036 4.

312 2102 347 2143 l.
371 2101 442 2147 τὰς
464 2100 537 2154 μὲν
560 2098 841 2154 καταγομένας
863 2098 1054 2141 ἄλλοθεν.
1090 2097 1225 2151 Quod
1247 2097 1357 2141 Cob.
1378 2096 1435 2140 V.
1456 2096 1506 2140 L.
1531 2097 1626 2140 114.
1647 2096 1740 2140 Mn.
1761 2096 1795 2148 I,
1816 2097 1913 2140 314.
1936 2096 2015 2148 VI,
2040 2096 2134 2140 197.
2157 2097 2411 2140 emendavit
2431 2097 2560 2143 ἄλλας

193 2177 383 2227 ἄλλοθεν,
404 2185 525 2221 recte
545 2177 809 2234 reprobavit
827 2176 1035 2220 Heiland.
1076 2176 1259 2229 Quaest.
1285 2175 1350 2218 10.
1383 2200 1438 2207 —
1475 2175 1515 2218 3.
1538 2175 1615 2217 ὅσα
1636 2173 1723 2216 ἔδει
1742 2175 1811 2217 καὶ
1830 2174 1972 2217 τᾶλλα.
1991 2175 2145 2219 Recte.
2167 2200 2221 2206 —
2244 2176 2451 2233 ἐβουλήθη
2474 2176 2559 2216 δια-

192 2257 366 2296 πλεῦσαι
394 2256 436 2296 ἐν
465 2256 612 2298 αὖλίδι.
647 2280 702 2285 -
738 2255 778 2296 5.
808 2254 867 2295 ὅτι
887 2260 995 2310 post
1016 2255 1125 2296 εἶπεν
1147 2269 1232 2296 om.
1261 2279 1316 2285 -
1345 2254 1385 2295 6.
1414 2252 1659 2307 πεμφθεῖσιν
1688 2252 1745 2298 εἰς
1775 2250 1894 2293 αὐτὸν
1915 2277 1972 2283 —
1999 2256 2127 2295 ταῦτα
2154 2254 2482 2308 προςτάττοντος.
2506 2275 2559 2283 --

190 2332 233 2374 8.
256 2332 520 2388 ὀγκηρότερα.
551 2357 607 2364 —
638 2333 678 2376 9.
699 2332 795 2379 ἴσως
819 2331 900 2388 ἔφη
922 2333 990 2375 καὶ
1012 2333 1167 2388 μᾶλλον
1187 2330 1322 2374 εἰκότα
1343 2329 1391 2373 σὺ
1412 2331 1555 2376 ποιεῖς.
1585 2354 1642 2361 —
1676 2328 1742 2374 10.
1773 2328 1838 2386 ἐφ’
1858 2329 2129 2386 ἑλλησπόντου
2151 2353 2206 2361 -
2234 2329 2325 2385 περὶ
2346 2328 2468 2371 αὐτὸν
2488 2352 2559 2370 —.

196 2411 262 2453 11.
284 2410 385 2452 εἶναι
405 2409 571 2465 δύναμιν
592 2434 647 2441 -
668 2412 725 2455 ὥς
747 2410 805 2455 εἰς
827 2409 1104 2466 ἐκστρατείαν.
1157 2407 1294 2461 Quod
1315 2408 1653 2451 substantivum
1673 2408 1758 2450 etsi
1778 2408 1919 2466 magis
1938 2407 2184 2451 recentium
2204 2420 2336 2463 quam
2358 2413 2559 2450 veterum

193 2487 466 2542 scriptorum
493 2486 726 2541 proprium
753 2485 932 2527 videtur
958 2500 1076 2536 esse,
1108 2486 1248 2528 habet
1281 2493 1431 2527 tamen
1465 2500 1490 2527 e
1518 2485 1644 2527 verbi
1679 2500 1769 2527 usu
1802 2485 1996 2542 aliquam
2031 2484 2475 2528 commendationem.
2508 2510 2559 2516 -—

197 2566 263 2608 12.
283 2565 420 2606 πεδίον
441 2567 621 2618 περιῆγε.
658 2588 710 2593 -
750 2562 814 2605 16.
844 2563 999 2618 ἀνδρῶν
1019 2579 1134 2619 γυμν.
1162 2563 1330 2606 omisso
1352 2562 1565 2613 articulo,
1597 2566 1933 2619 supervacaneo
1955 2561 2034 2604 illo
2058 2562 2259 2619 quidem,
2290 2577 2426 2620 quum
2448 2562 2561 2606 nihil

193 2644 360 2687 referat
379 2642 466 2684 dici
485 2642 719 2699 gymnasia
737 2641 903 2683 referta
921 2642 1062 2683 fuisse
1083 2642 1190 2683 viris
1213 2649 1256 2684 et
1276 2643 1331 2683 iis
1353 2642 1548 2698 quidem,
1570 2643 1648 2698 qui
1669 2657 1717 2684 se
1740 2646 2010 2691 exercerent,
2033 2639 2112 2683 sed
2134 2640 2223 2684 hoc
2243 2640 2390 2698 ipsum
2409 2640 2561 2685 dicen-

192 2724 300 2766 dum
321 2723 392 2772 sit,
413 2720 555 2762 fuisse
577 2734 625 2761 se
645 2719 957 2761 exercentibus
978 2719 1236 2760 hominibus
1257 2720 1434 2762 referta.
1475 2719 1575 2761 Nisi
1595 2718 1714 2761 forte
1737 2725 1871 2774 putas
1895 2718 2092 2761 discerni
2113 2717 2209 2765 τοὺς
2230 2720 2563 2775 γυμναζομένους

194 2807 243 2843 et
260 2800 354 2845 τοὺς
375 2797 687 2851 ἱππαζομένους.
709 2820 764 2826 —
795 2796 860 2838 17.
885 2798 922 2836 οἱ
944 2801 1267 2852 ζωγραφοῦντες.
1297 2821 1352 2828 —
1387 2796 1450 2839 18.
1474 2797 1718 2851 ἐπερρώσθη
1741 2797 1902 2838 κάκεῖνο
1926 2796 2034 2838 ἰδὼν.
2057 2822 2109 2827 -
2140 2795 2209 2839 20.
2232 2796 2413 2845 ἐνιαυτὸς
2437 2799 2487 2853 δὴ
2509 2825 2564 2830 —

194 2880 219 2920 ὁ
248 2891 333 2920 om.
363 2880 467 2917 ante
496 2874 719 2929 ἀγησίλαος
748 2897 801 2904 -
830 2876 897 2915 καὶ
926 2875 1195 2927 παρήγγειλεν
1222 2874 1374 2919 αὐτοῖς.
1415 2899 1471 2905 —
1510 2874 1579 2915 21.
1609 2873 1727 2914 αὐτὸν
1757 2876 1813 2918 ὡς
1845 2872 2091 2928 βουλόμενον
2119 2898 2178 2905 -
2205 2875 2339 2929 ὥςπερ
2369 2875 2563 2930 πρότερον

196 2953 333 3000 εὐθὺς.
371 2977 425 2984 -
461 2951 529 2994 25.
558 2951 708 3007 πέμπει
734 2952 831 3008 πρὸς
854 2951 919 2992 τὸν
942 2950 1162 3006 ἀγησίλαον
1191 2950 1380 3006 πρέσβεις
1406 2975 1450 2980 -
1485 2952 1552 2990 καὶ
1581 2951 1674 3005 ἡμῖν
1703 2951 1770 2991 καὶ
1794 2951 1897 3005 ὑμῖν.
1934 2976 1989 2981 -
2025 2949 2095 2993 26.
2125 2951 2237 2993 δίδου
2259 2951 2307 3006 δὴ
2330 2956 2377 3007 τῆ
2403 2969 2485 3008 στρ.
2511 2977 2564 2983 -

194 3032 264 3076 28.
286 3034 371 3078 ταῖς
395 3031 460 3073 ἐπὶ
478 3033 564 3077 ταῖς
585 3032 738 3086 νήσοις.

2276 3177 2296 3212 2
