2890 3595
1442 155 1493 199 16

1331 340 1447 387 Oeo-
1470 332 1599 386 xvn.

390 444 428 487 l.
448 446 519 486 τοῦ
542 460 607 486 σπ.
631 443 728 498 ὁρᾶς
751 443 802 487 A.
825 442 873 487 C.
897 443 951 489 D.
993 447 1147 500 σποροῦ
1169 445 1224 488 D.
1262 446 1373 502 ὥρας
1395 447 1525 489 etiam
1547 445 1809 489 Dindorfius
1831 445 2029 488 seclusit.
2072 445 2211 487 Cuius
2231 447 2294 488 rei
2316 446 2354 487 si
2374 460 2464 487 una
2487 460 2649 489 caussa

273 522 362 565 sita
382 527 453 564 est
472 521 518 564 in
539 520 751 563 vocabuli
772 521 1062 578 repetitione,
1093 536 1162 565 me
1192 522 1373 580 quidem
1400 523 1478 566 illa
1505 537 1598 566 non
1630 523 1830 566 offendit.
1859 522 1916 565 V.
1938 523 2074 568 Born.
2096 522 2198 580 Cyr.
2221 521 2358 565 Schn.
2381 524 2420 573 5,
2443 524 2483 574 2,
2503 523 2572 567 31.
2594 549 2648 556 -—

273 599 314 642 2.
338 600 491 655 ἀφήσει
513 598 560 642 C.
594 598 742 654 ἀφόσει
764 603 810 654 (η
833 614 868 642 s.
891 602 932 652 υ)
954 599 1004 642 A.
1046 623 1102 631 —
1143 599 1182 643 7.
1212 600 1361 656 ῥιπτεῖν
1381 601 1530 658 priore
1551 600 1655 644 loco
1678 601 1738 652 D,
1772 600 1898 659 quod
1918 599 2076 643 melius
2097 599 2206 642 dicit
2227 598 2360 642 Born.
2383 600 2523 644 Conv.
2546 601 2586 653 2,
2607 602 2647 645 8.

273 677 399 721 Idem
419 677 534 720 liber
554 675 716 719 deinde
737 676 818 733 ἔφη
843 678 881 719 οἱ
902 678 975 733 μὲν
994 683 1148 734 aperte
1165 684 1414 721 correctum
1431 677 1570 721 habet
1585 694 1609 722 e
1625 679 1849 736 scriptura
1865 693 1892 721 a
1907 677 2055 721 Gailio
2072 684 2267 720 enotata.
2289 702 2343 709 —
2364 677 2405 721 8.
2426 679 2476 721 A.
2497 680 2648 735 ποτέρα

276 755 319 796 ὃν
338 755 384 796 in
404 754 601 810 margine
623 753 808 810 corrigit
827 754 980 810 ποτέρα
1003 754 1085 796 οὖν.
1114 780 1167 787 -
1200 756 1265 798 10.
1288 757 1466 809 γελάσας
1490 756 1577 798 εἷπε
1598 758 1649 800 A.
1673 755 1720 800 C.
1743 756 1884 798 ἕπεται
1904 757 1946 798 ἐν
1966 754 2000 811 ᾧ
2022 755 2076 798 D.
2117 755 2292 799 Deinde
2314 755 2361 798 C.
2384 755 2437 798 D.
2459 769 2552 798 non
2573 757 2648 812 γὰρ

273 830 464 880 habent,
493 829 574 872 sed
594 830 662 871 καὶ
682 835 793 886 post
811 833 950 881 τοῦτο,
971 846 1063 874 non
1085 831 1211 874 male.
1235 831 1385 888 ἁδροὺς
1407 834 1456 876 A.
1479 833 1629 889 ἁδροὺς
1651 833 1699 877 C.
1721 833 1777 876 D.
1816 857 1868 863 —
1907 832 1973 876 11.
2000 833 2067 874 δία
2089 832 2169 888 ἔφη
2192 835 2242 876 A.
2264 832 2318 877 D.
2353 855 2410 862 —
2448 832 2513 874 12.
2544 831 2647 887 ἔφην

276 908 358 962 ἐγὼ
381 907 428 950 C.
452 907 617 964 repetit
636 913 745 964 post
766 909 1038 951 vocativum.
1062 909 1137 951 ὑπὸ
1159 911 1228 951 τοῦ
1251 909 1452 965 ῥεύματος
1475 910 1529 953 D.
1551 925 1644 954 non
1664 909 1790 954 male.
1825 933 1882 940 —
1919 909 1984 952 13.
2016 909 2201 953 Lacuna
2222 915 2267 952 et
2289 908 2649 965 supplementum

274 985 490 1042 marginis
512 990 582 1027 est
601 985 647 1027 in
669 984 717 1027 C.
744 985 1015 1041 κατηλυθέντι
1042 992 1088 1028 et
1114 985 1261 1041 ipsum
1283 1000 1367 1029 suo
1388 985 1492 1029 loco
1515 994 1559 1031 et
1579 988 1625 1030 in
1643 988 1843 1044 margine
1865 993 2114 1029 correctum
2136 987 2275 1029 habet
2294 988 2345 1029 A.
2377 1009 2432 1016 —
2469 985 2532 1027 14.
2563 985 2652 1025 δέοι

275 1062 346 1118 τὴν
369 1062 469 1118 ὕλην
491 1061 595 1118 ἔφην
617 1063 698 1118 ἐγὼ
721 1062 769 1105 C.
827 1061 897 1104 Ita
917 1061 1191 1107 DindorfiuS.

1319 1256 1434 1305 Oee.
1457 1249 1605 1304 XVffl.

391 1373 431 1416 2.
462 1375 617 1428 ληφθὲν
639 1374 692 1417 D.
735 1400 789 1405 —
830 1376 869 1418 3.
901 1375 957 1417 ἐπ’
982 1375 1199 1431 αὐτοφόρω
1221 1377 1271 1418 A.
1313 1375 1581 1431 ἐπαυτοφόρω
1604 1375 1650 1418 C.
1673 1373 1727 1418 D.
1769 1375 1980 1430 θερισμοῖς
2003 1376 2049 1419 C.
2092 1377 2228 1418 ἁλωᾶν
2251 1374 2298 1418 C.
2321 1373 2376 1417 D.
2417 1399 2468 1408 -
2514 1376 2553 1418 5.
2583 1377 2654 1417 τίνι

275 1452 406 1494 τούτω
429 1452 476 1494 C.
516 1453 640 1507 δῆλον
671 1453 749 1505 ὅτι,
780 1451 883 1509 ἔφην
912 1454 992 1507 ἐγὼ
1024 1478 1078 1483 —
1108 1455 1235 1494 ταῦτα
1265 1454 1336 1507 μὲν
1365 1454 1516 1503 τοίνυν,
1546 1453 1626 1509 ἔφη
1659 1466 1744 1495 om.
1772 1452 1825 1496 A.
1857 1452 2012 1496 addito
2045 1453 2192 1496 crucis
2222 1452 2354 1510 signo
2385 1452 2570 1509 duplici.
2599 1478 2654 1484 —

275 1530 316 1573 8.
346 1529 581 1571 στενότατον
612 1530 661 1570 Α.
686 1529 731 1571 C.
755 1530 808 1572 D.
869 1529 936 1572 Ita
966 1529 1250 1580 Dindorfius,
1281 1530 1360 1586 qui
1390 1544 1440 1572 ea
1471 1530 1525 1573 de
1552 1530 1696 1573 forma
1727 1531 1830 1574 vide
1860 1546 1976 1588 quae
1998 1531 2161 1575 dixerit
2189 1531 2234 1573 in
2256 1530 2412 1588 Steph.
2435 1530 2572 1573 Thes.
2597 1531 2654 1576 εἰς

278 1608 344 1650 τὸν
376 1608 490 1649 κενὸν
522 1606 576 1649 Ι).

1339 1802 1456 1851 oee·
1480 1796 1591 1851 XIX.

396 1922 433 1964 1.
455 1921 654 1970 Lacuna,
677 1935 814 1978 quam
835 1919 1011 1963 Gailius
1032 1919 1183 1970 refert,
1205 1925 1276 1963 est
1294 1920 1343 1963 in
1363 1920 1417 1964 D.
1439 1946 1494 1952 —
1515 1919 1554 1964 2.
1576 1922 1745 1977 κείμενη
1766 1920 1822 1965 D.
1846 1946 1900 1954 —
1921 1921 1960 1966 3.
1984 1920 2093 1969 εἶδες
2114 1938 2124 1948 ·
2150 1922 2207 1977 μὰ
2227 1921 2278 1963 Δι’
2296 1918 2310 1936 ’
2328 1920 2384 1964 D.
2406 1945 2459 1953 -
2482 1920 2521 1963 5.
2544 1935 2654 1976 τριη-

280 1999 468 2055 μιπόὸιου
498 1998 552 2041 A.
593 1998 858 2053 τριημιπόδου
890 1998 936 2041 C.
1000 1997 1305 2041 Schneiderus
1347 2004 1481 2042 antea
1519 1998 1887 2054 πενθημιποὸιαίου
1929 2004 1974 2042 et
2013 1999 2337 2054 τριημιποδιαίου
2371 1997 2558 2041 mavult.
2599 2021 2655 2028 —

278 2076 319 2119 6.
341 2076 585 2133 λύκαβϋττὸν
607 2076 657 2118 A.
688 2100 744 2106 —
774 2076 814 2118 8.
838 2080 895 2122 ὡς
916 2076 1100 2132 τσίχυστα
1121 2076 1242 2131 φῦναι
1265 2075 1312 2121 C.
1335 2100 1390 2108 —
1422 2076 1462 2119 9.
1483 2077 1508 2131 ἡ
1531 2079 1581 2132 γῆ
1604 2076 1654 2118 A.
1696 2074 1911 2118 Similiter
1930 2074 1984 2118 D.
2009 2100 2060 2107 —
2096 2076 2162 2120 ll.
2184 2076 2289 2118 κατὰ
2309 2078 2436 2117 ταῦτα
2457 2076 2508 2118 A.
2530 2074 2578 2117 C.
2599 2073 2653 2117 D.

277 2155 371 2209 περὶ
392 2153 545 2195 τούτων
568 2153 671 2209 ἔφην
691 2154 743 2196 A.
767 2153 987 2195 αὺένεσθαι
1007 2153 1060 2196 A.
1083 2168 1221 2211 supra
1242 2168 1327 2196 scr.
1350 2171 1404 2196 αι.
1426 2179 1481 2185 -
1507 2154 1571 2197 12.
1595 2153 1675 2209 ἄρα
1695 2153 1746 2195 A.
1770 2152 1816 2195 C.
1837 2152 1895 2196 D.
1915 2155 1940 2209 ἢ
1962 2154 2030 2194 καὶ
2052 2169 2088 2194 o.
2109 2153 2256 2196 iidem.
2278 2179 2335 2186 —-
2358 2154 2424 2196 14.
2447 2153 2495 2195 οὐ
2515 2153 2657 2197 δεινὸς.

279 2255 336 2263 -
362 2232 426 2274 15.
451 2231 712 2277 ἀναπεισθεὶς
734 2230 790 2273 D.
812 2231 1048 2278 ἀναπισθεὶς
1070 2233 1120 2274 A.
1145 2257 1198 2262 —
1224 2232 1289 2274 16.
1311 2237 1390 2274 τῶν
1412 2232 1606 2274 τοιούτων
1628 2231 1678 2274 A.
1702 2230 1748 2274 C.
1771 2230 1824 2273 D.
1848 2256 1903 2262 —
1936 2231 1999 2274 19.
2023 2232 2150 2287 ὁργὸν,
2172 2232 2220 2274 in
2239 2245 2376 2288 marg.
2398 2232 2527 2287 ὀργῶν
2548 2232 2598 2273 A.

1357 2425 1469 2474 Oee-
1494 2420 1584 2473 XX.

392 2544 433 2585 4.
457 2543 505 2584 οὐ
526 2542 601 2598 γὰρ
625 2543 868 2598 ἐπιμελῆται
889 2541 1029 2584 habet
1050 2543 1229 2599 quidem
1247 2544 1294 2592 C,
1318 2550 1364 2584 at
1385 2543 1586 2584 secundo
1608 2543 1713 2584 loco
1736 2551 1780 2585 et
1801 2560 1825 2598 η
1849 2557 1988 2598 supra
2009 2558 2030 2583 ε
2052 2543 2237 2599 scripto.
2262 2568 2311 2574 -
2336 2543 2377 2585 6.
2399 2541 2514 2584 Post
2533 2540 2559 2581 ἃ
2581 2541 2656 2594 γὰρ

280 2621 327 2663 C.
349 2619 404 2661 D.
437 2620 508 2660 καί
533 2633 627 2660 non
659 2620 885 2661 omittunt.
930 2643 981 2648 -—
1024 2620 1064 2660 7.
1094 2623 1357 2673 γινώσκουσιν
1390 2621 1436 2661 C.
1459 2619 1512 2660 D.
1558 2643 1607 2649 —-
1650 2621 1690 2661 9.
1719 2623 1906 2673 γινώσκει
1934 2619 2082 2661 iidem.
2124 2645 2178 2652 —-
2221 2622 2285 2663 ll.
2317 2620 2502 2661 ἐκποδὼν
2532 2618 2579 2659 C.
2601 2617 2655 2658 D.

281 2697 438 2741 Codex
458 2698 508 2740 A.
530 2703 772 2755 utrumque
793 2697 935 2740 habet
956 2705 1188 2739 accentum
1209 2697 1386 2740 litterae
1407 2715 1454 2738 ω.
1490 2721 1542 2727 -
1587 2697 1651 2738 15.
1684 2701 2001 2753 χρηματοποιῶν
2021 2696 2077 2740 D.
2117 2722 2172 2727 —-
2213 2696 2280 2740 17.
2309 2695 2364 2738 In
2385 2695 2434 2739 A.
2456 2700 2525 2737 est
2546 2694 2589 2735 τὸ
2611 2694 2657 2735 δὲ

283 2776 332 2831 δὴ
356 2775 444 2826 ἐὰν,
468 2774 513 2815 in
534 2775 732 2833 margine
754 2779 811 2817 τῶ
833 2777 879 2818 δὲ
901 2776 951 2831 δὴ
975 2775 1057 2817 ἐᾶν.
1100 2775 1154 2817 D.
1177 2776 1327 2833 pergit
1348 2775 1483 2831 ῥοίδιον
1505 2778 1710 2831 γεωργεῖν.
1740 2799 1785 2804 -
1819 2774 1884 2817 18.
1905 2775 1958 2816 In
1978 2775 2033 2818 D.
2056 2790 2149 2817 non
2170 2782 2240 2817 est
2260 2777 2415 2830 τάχεις,
2437 2772 2519 2815 sed
2540 2774 2658 2828 τάχει

281 2868 383 2895 cum
411 2858 629 2896 commate
658 2868 710 2896 ea
740 2853 923 2911 quidem
950 2851 1116 2904 forma,
1148 2868 1265 2911 quae
1287 2854 1420 2897 etiam
1447 2853 1558 2896 alias
1579 2853 1796 2896 lectorem
1814 2851 1957 2896 fallat.
2003 2878 2052 2884 -—
2094 2853 2163 2897 20.
2193 2851 2379 2894 τοσούτω
2400 2850 2587 2907 διαφέρει
2607 2852 2658 2892 A.

278 2927 486 2973 Malebat
505 2928 797 2974 Heindorfius
824 2933 868 2973 τὸ
889 2932 915 2989 ἢ
936 2934 1075 2979 καλῶς
1098 2933 1366 2989 ἐργάζεσθαι,
1396 2932 1448 2974 G.
1470 2930 1754 2973 Hermannus
1782 2931 1827 2971 τὸ
1849 2932 1895 2972 δὲ
1917 2932 1966 2985 δὴ
1989 2933 2127 2976 καλῶς
2148 2930 2175 2984 ἤ
2196 2934 2336 2974 κακῶς
2358 2929 2482 2985 apud
2502 2929 2658 2970 Strau-

279 3008 404 3051 bium
432 3007 593 3052 Annal.
619 3009 742 3067 Lips.
770 3009 930 3068 Suppl.
959 3024 1064 3055 nov.
1087 3010 1142 3053 V.
1166 3025 1209 3068 p.
1233 3011 1330 3054 473.
1373 3034 1427 3040 -
1468 3010 1535 3052 23.
1566 3010 1749 3066 ἐξαργοῦ.
1790 3033 1844 3040 ——
1886 3009 1954 3050 25.
1985 3008 2282 3063 φιλογεωργίαν
2310 3015 2356 3050 et
2381 3008 2429 3049 in
2457 3009 2658 3065 margine

277 3087 492 3143 φιλεργίαν
522 3085 577 3129 D.
618 3111 673 3118 —
715 3086 783 3130 28.
814 3088 921 3131 οὕτω
942 3103 1017 3144 περ
1038 3089 1089 3132 A.
1130 3088 1285 3131 Verba
1304 3089 1619 3145 praecedentia
1639 3101 1797 3145 parum
1820 3101 1847 3128 a
1867 3086 2169 3134 Schneidem,
2190 3087 2289 3127 viro
2313 3086 2508 3142 optimo,
2529 3085 2660 3127 intel-

276 3165 396 3208 lecta
423 3179 544 3215 esse,
580 3179 720 3222 quum
748 3166 1008 3208 coniunctio
1037 3167 1281 3223 repetenda
1309 3172 1448 3216 esset,
1486 3172 1530 3208 et
1560 3171 1760 3208 extremo
1792 3164 1938 3220 capite
1974 3163 2159 3206 verbum
2189 3164 2365 3218 νομίζειν
2399 3168 2661 3219 suspectum
