2890 3595
1397 122 1443 165 1·1

232 251 383 297 Versu
401 253 471 297 25.
501 253 700 310 ἀτεχνῶς.
758 253 866 311 Pag.
888 253 956 298 45.
986 254 1032 297 in
1063 254 1219 298 codice
1250 262 1321 297 est
1350 270 1391 298 V.
1424 256 1460 300 l.
1492 255 1628 301 αὐτὸς.
1690 254 1755 297 12.
1786 254 1861 309 γὰρ
1889 268 1975 298 om.
2034 254 2208 298 Deinde
2239 256 2317 314 qui
2347 265 2599 314 sequuntur

230 345 391 375 versus
409 330 474 376 ita
493 331 648 389 scripti
670 337 796 376 sunt:

500 410 743 464 κατωμαδὸν
771 408 964 464 φᾶρουσιν
994 407 1119 453 noto&
1149 409 1195 453 τὸ
1225 409 1339 464 Είφος
1362 426 1371 436 ·

501 484 621 527 ἄλλοι
649 485 698 528 δὲ
727 485 801 528 δύο
832 489 912 528 τῶν
942 485 1142 542 βασιλέων
1172 486 1264 531 ἕνα.

499 561 727 618 ἡττημένον
759 560 947 618 οὔρουοιν
977 563 1024 606 ἐκ
1051 566 1124 618 τῆς
1154 563 1339 608 ἀσπίδος.

232 637 467 681 Cramerus
493 645 603 696 post
639 639 881 693 κατωμαδὸν
909 653 936 681 a
965 639 1157 695 φέρουσιν
1184 639 1409 683 aberravit
1435 636 1492 680 ad
1521 636 1724 692 σῦρουσιν,
1753 635 2008 694 acciditque
2039 635 2315 681 describenti
2335 638 2463 696 quod
2485 641 2598 683 anti-

230 715 414 773 quiores
435 717 609 760 scribae
630 717 810 773 saepius
831 716 1116 761 admiserunt.
1165 717 1372 774 Denique
1393 730 1435 758 v,
1460 713 1512 757 16
1533 728 1602 771 sq.
1624 713 1741 756 idem
1762 714 1927 757 vitiose
1949 713 2131 770 scripsit
2151 729 2268 773 quae
2287 723 2410 759 recte
2431 717 2599 774 scripta

230 792 403 836 invenit
422 793 564 849 φίλων,
586 794 680 836 ὅταν
703 791 764 836 ἐπ’
786 793 906 836 αὐτὸν
927 794 952 849 ᾖ
976 794 1079 850 ῥοπὴ
1101 794 1269 842 τούτους
1289 794 1410 850 φέρῃ.
1468 791 1796 850 Fragmentum,
1819 791 1944 850 quod
1965 805 2103 849 supra
2123 795 2486 844 commemoravi,
2509 795 2597 838 alio

229 868 334 913 loco
365 869 499 913 dabo.
560 869 765 914 Ceterum
791 869 862 914 Fr.
884 870 1174 922 Duebnerus‚
1205 884 1496 929 quamquam,
1526 884 1663 927 quum
1691 869 1876 913 Parisiis
1910 884 1980 913 me
2009 870 2318 922 convenisset,
2348 871 2494 915 frusta
2521 873 2601 916 illa

230 947 400 990 inedita
429 947 467 989 ei
498 949 766 998 monstravi,
803 948 850 990 in
881 947 1078 990 editione
1108 940 1349 1004 poetarum⁴
1370 946 1693 989 didacticorum
1727 945 1979 989 Lehrsiana
2009 960 2062 988 ea
2091 956 2184 989 non
2222 952 2598 1001 commemoravit,

231 1025 401 1082 quippe
429 1039 546 1082 quae
574 1039 669 1068 non
697 1025 958 1067 viderentur
982 1023 1040 1067 ad
1069 1025 1263 1067 instituti
1283 1024 1353 1068 sui
1372 1024 1588 1067 rationem
1607 1023 1845 1080 pertinere.
1907 1022 2044 1076 Quod
2071 1032 2219 1068 autem
2247 1025 2299 1071 Ε.
2320 1025 2524 1069 Millerus
2553 1028 2599 1070 in

231 1101 482 1146 Doctorum
503 1103 666 1146 Diariis
686 1102 903 1146 Parisinis
924 1102 1029 1145 anni
1053 1101 1175 1152 1850,
1195 1101 1275 1144 ubi
1295 1115 1525 1145 censuram
1546 1100 1602 1144 de
1622 1107 1856 1158 poetarum
1878 1101 2186 1145 bucolicorum
2208 1110 2254 1146 et
2273 1104 2599 1148 didacticorum

231 1180 431 1224 editione
452 1179 698 1223 Didotiana
718 1179 848 1229 fecit,
877 1193 920 1236 p.
943 1178 1026 1222 573
1047 1194 1117 1237 sq.
1146 1180 1260 1223 dixit
1280 1195 1328 1222 se
1349 1180 1488 1223 multa
1515 1178 1635 1221 milia
1653 1192 1862 1221 versuum
1883 1192 1910 1220 a
1930 1178 2139 1223 Manuele
2159 1179 2290 1225 Phile
2311 1184 2595 1240 conscripto-

229 1272 328 1301 rum
348 1257 395 1301 in
414 1257 636 1313 Hispania
656 1262 700 1300 et
720 1256 849 1299 Italia
870 1270 897 1299 a
917 1271 965 1299 se
987 1255 1214 1313 descripta
1231 1255 1495 1314 propediem
1515 1254 1738 1299 editurum
1758 1268 1870 1305 esse,
1893 1269 1999 1298 num
2019 1256 2068 1299 id
2088 1256 2296 1308 effecerit,
2320 1272 2411 1301 non
2434 1259 2593 1316 explo-

227 1343 374 1380 ratum
396 1334 502 1377 mihi
523 1340 604 1376 est.

1280 1498 1549 1506 ————

345 1645 515 1688 Verum
534 1643 809 1688 redeundum
831 1642 890 1686 ad
908 1643 1215 1700 Xenophontem
1235 1647 1317 1696 est⁷
1339 1641 1467 1684 cuius
1488 1641 1668 1698 scriptis
1690 1656 1774 1699 ego
1796 1656 1879 1698 pro
1901 1642 2009 1684 meis
2024 1642 2195 1685 viribus
2217 1650 2262 1685 et
2283 1644 2460 1700 opibus,
2483 1659 2593 1701 qua·

230 1724 482 1779 lescunque
503 1735 582 1764 eae
602 1725 729 1771 sunt,
759 1719 973 1776 opitulari
999 1720 1147 1776 cupio.
1207 1718 1356 1761 Venio
1385 1732 1506 1761 nunc
1534 1719 1591 1761 ad
1620 1733 1737 1775 opus
1764 1719 2109 1775 lepidissimum,
2135 1720 2452 1764 oeconomicum.
2513 1722 2594 1765 Cui

233 1813 505 1856 quamquam
524 1812 617 1839 non
638 1796 878 1839 defuerunt
896 1796 981 1837 viri
1001 1796 1144 1845 docti,
1175 1802 1420 1851 supersunt
1435 1803 1580 1839 tamen
1604 1810 1720 1852 quae
1743 1797 1781 1837 si
1803 1797 1946 1839 minus
1968 1797 2025 1838 ab
2047 1798 2247 1853 ingenio,
2277 1804 2323 1840 at
2342 1812 2369 1839 a
2391 1797 2597 1840 codicum

235 1876 370 1932 copia
397 1873 612 1918 auxilium
641 1888 772 1916 suum
800 1872 986 1931 aliquod
1015 1877 1277 1929 exspectare
1305 1873 1497 1929 possint.
1553 1871 1738 1915 Praeter
1765 1872 1850 1915 alia
1880 1873 1935 1915 de
1961 1872 2052 1915 hoc
2080 1872 2199 1916 libro
2221 1872 2450 1916 iudicandi
2469 1873 2596 1918 adiu-

234 1962 382 1995 menta
411 1951 617 1993 codicum
644 1951 948 1993 Parisinorum
978 1955 1196 2007 quattuor
1221 1964 1387 1992 novam
1415 1965 1442 1992 a
1468 1965 1538 1991 me
1565 1950 1727 1993 factam
1756 1950 2043 1992 collationem
2071 1949 2240 2000 habeo,
2271 1965 2389 2007 quos
2418 1951 2598 2007 quidem

232 2032 415 2073 codices
444 2029 618 2070 Gailius
645 2029 846 2070 nominat
871 2029 922 2070 A.
943 2027 994 2069 B.
1016 2028 1063 2070 C.
1085 2027 1154 2078 D.,
1185 2043 1414 2084 quumque
1441 2027 1707 2070 instituerim
1737 2026 1870 2070 Gailii
1900 2043 2083 2083 operam
2110 2026 2291 2084 explere
2320 2035 2365 2071 et
2391 2026 2449 2071 ad
2468 2027 2598 2072 finem

232 2108 456 2166 quendam
485 2107 752 2162 perducere,
781 2105 871 2148 hoc
894 2120 1080 2162 quoque
1105 2104 1209 2147 loco
1239 2105 1285 2148 id
1311 2105 1595 2160 potissimum
1623 2120 1773 2162 agam,
1804 2112 1855 2148 ut
1875 2104 2107 2149 Gailianae
2126 2111 2261 2148 notas
2282 2110 2361 2149 aut
2381 2106 2600 2164 corrigam

233 2195 314 2229 aut
334 2184 583 2241 suppleam.
643 2184 748 2226 Non
767 2183 924 2226 licebit
943 2189 1091 2225 autem
1111 2191 1202 2226 tam
1226 2183 1412 2238 copiose
1441 2189 1487 2226 et
1513 2182 1647 2239 plene
1666 2181 1714 2225 id
1735 2181 1933 2234 efficere,
1963 2196 2098 2241 quam
2117 2181 2288 2227 factum
2307 2198 2445 2240 supra
2465 2191 2535 2227 est
2553 2184 2600 2229 in

233 2263 464 2306 Historiae
484 2277 671 2319 graecae
691 2267 817 2317 parte
838 2261 1010 2317 priore,
1037 2260 1085 2303 in
1105 2275 1196 2317 qua
1217 2258 1485 2310 enarranda,
1516 2260 1555 2303 si
1584 2261 1866 2317 speciosiora
1886 2274 2166 2318 quaererem,
2193 2260 2468 2319 pergendum
2490 2262 2598 2305 mihi

234 2341 410 2385 fuisset.
471 2339 538 2382 De
566 2338 796 2381 nonnullis
824 2344 996 2381 tantum
1018 2336 1308 2380 Oeconomici
1328 2337 1442 2380 locis
1463 2352 1489 2380 a
1508 2353 1577 2380 me
1597 2344 1773 2397 agetur,
1801 2344 1854 2381 ut
1874 2353 1991 2396 quae
2012 2338 2071 2380 sit
2090 2338 2320 2381 Gailianae
2340 2341 2598 2383 annotatio·

235 2420 306 2462 nis
333 2417 468 2470 fides,
496 2416 791 2474 intelligatur3
819 2416 865 2459 id
895 2415 1023 2473 quod
1049 2429 1104 2457 eo
1124 2416 1266 2472 magis
1288 2415 1624 2458 concedendum
1646 2417 1747 2466 erit,
1777 2430 1914 2473 quum
1936 2414 2108 2458 Gailius
2129 2417 2175 2458 in
2196 2415 2284 2458 hoc
2303 2416 2420 2460 libro
2443 2419 2597 2474 paullo

235 2494 492 2553 diligentius
520 2497 726 2536 versatus
755 2507 855 2535 esse
875 2492 1083 2535 videatur
1108 2505 1243 2549 quam
1269 2493 1314 2534 in
1341 2492 1421 2534 illo
1451 2498 1496 2536 et
1513 2493 1618 2536 libri
1637 2495 1927 2550 manuscripti
1949 2508 2061 2550 pene
2083 2492 2280 2535 eiusdem
2301 2508 2384 2535 nec
2406 2497 2600 2551 optimae

234 2580 368 2618 notae
388 2574 491 2616 sint.
551 2571 837 2629 Spicilegium
856 2570 1086 2612 levidense
1107 2575 1188 2612 est.

1133 2774 1452 2823 Oeconomici
1482 2776 1639 2835 caput
1663 2767 1695 2820 Ι.

350 2884 390 2925 2.
420 2883 603 2924 Lacuna
622 2882 668 2922 in
687 2882 738 2922 A.
760 2887 851 2928 est,
878 2893 971 2920 non
992 2886 1062 2920 est
1081 2880 1128 2921 in
1147 2881 1198 2922 B.
1220 2882 1412 2934 δυνάμεθ’
1435 2881 1482 2921 ἂν
1505 2881 1551 2922 C.
1573 2881 1628 2922 D.
1665 2904 1723 2911 —
1756 2880 1797 2923 4.
1826 2879 1945 2934 φέρει
1972 2881 2216 2934 (superscr.
2238 2895 2261 2922 e
2284 2895 2397 2924 corr.
2419 2888 2476 2933 οι)
2500 2879 2531 2923 τ’
2555 2881 2602 2924 ἂν

235 2963 289 3005 A.
330 2961 574 3017 Corrigunt
593 2959 712 3015 φέροι
732 2956 918 3001 Mehler.
940 2957 1080 3001 Conv.
1101 2956 1171 3000 82.
1209 2957 1365 3000 Cobet.
1389 2957 1551 3000 Mnem.
1572 2956 1680 3006 VII,
1702 2956 1778 3006 80,
1805 2955 1881 2998 hic
1911 2956 2095 3013 quidem
2123 2957 2265 3011 μισθὸν
2287 2956 2487 3013 φέρεσθαι
2514 2957 2601 3000 dici

236 3053 421 3098 negans.
445 3038 547 3080 Vid.
567 3039 607 3088 7,
629 3037 701 3082 27.
725 3061 783 3068 -
814 3037 878 3080 10.
901 3036 937 3076 εἰ
957 3037 1012 3089 μὴ
1036 3036 1154 3077 ἀποδ.
1173 3036 1225 3080 A.
1253 3062 1310 3071 -—
1344 3036 1409 3078 13.
1431 3037 1476 3078 τὸ
1498 3035 1730 3088 ὑοσκύαμον
1753 3034 1802 3077 C.
1824 3034 1879 3077 D.
1938 3033 2115 3077 Deinde
2136 3033 2232 3076 αὐτὸ
2255 3033 2310 3082 C,
2333 3035 2412 3078 sed
2432 3049 2600 3092 prono-

236 3132 358 3168 men,
387 3117 512 3175 quod
533 3117 582 3159 Β.
605 3128 699 3159 non
726 3115 881 3164 habet,
911 3120 1168 3170 suspectum
1196 3113 1283 3157 fuit
1312 3114 1486 3156 Cobeto
1508 3113 1600 3156 Mn.
1622 3111 1728 3162 VII,
1751 3112 1820 3156 83.
1880 3110 2006 3156 Idem
2034 3126 2142 3156 vero
2171 3111 2479 3216 quoinnirum
2501 3128 2602 3157 esse
